%YAML 1.1
%TAG !u! tag:unity3d.com,2011:
--- !u!29 &1
OcclusionCullingSettings:
  m_ObjectHideFlags: 0
  serializedVersion: 2
  m_OcclusionBakeSettings:
    smallestOccluder: 5
    smallestHole: 0.25
    backfaceThreshold: 100
  m_SceneGUID: 00000000000000000000000000000000
  m_OcclusionCullingData: {fileID: 0}
--- !u!104 &2
RenderSettings:
  m_ObjectHideFlags: 0
  serializedVersion: 9
  m_Fog: 0
  m_FogColor: {r: 0.5, g: 0.5, b: 0.5, a: 1}
  m_FogMode: 3
  m_FogDensity: 0.01
  m_LinearFogStart: 0
  m_LinearFogEnd: 300
  m_AmbientSkyColor: {r: 0.212, g: 0.227, b: 0.259, a: 1}
  m_AmbientEquatorColor: {r: 0.114, g: 0.125, b: 0.133, a: 1}
  m_AmbientGroundColor: {r: 0.047, g: 0.043, b: 0.035, a: 1}
  m_AmbientIntensity: 1
  m_AmbientMode: 0
  m_SubtractiveShadowColor: {r: 0.42, g: 0.478, b: 0.627, a: 1}
  m_SkyboxMaterial: {fileID: 10304, guid: 0000000000000000f000000000000000, type: 0}
  m_HaloStrength: 0.5
  m_FlareStrength: 1
  m_FlareFadeSpeed: 3
  m_HaloTexture: {fileID: 0}
  m_SpotCookie: {fileID: 10001, guid: 0000000000000000e000000000000000, type: 0}
  m_DefaultReflectionMode: 0
  m_DefaultReflectionResolution: 128
  m_ReflectionBounces: 1
  m_ReflectionIntensity: 1
  m_CustomReflection: {fileID: 0}
  m_Sun: {fileID: 0}
  m_IndirectSpecularColor: {r: 0, g: 0, b: 0, a: 1}
  m_UseRadianceAmbientProbe: 0
--- !u!157 &3
LightmapSettings:
  m_ObjectHideFlags: 0
  serializedVersion: 11
  m_GIWorkflowMode: 1
  m_GISettings:
    serializedVersion: 2
    m_BounceScale: 1
    m_IndirectOutputScale: 1
    m_AlbedoBoost: 1
    m_EnvironmentLightingMode: 0
    m_EnableBakedLightmaps: 1
    m_EnableRealtimeLightmaps: 0
  m_LightmapEditorSettings:
    serializedVersion: 12
    m_Resolution: 2
    m_BakeResolution: 40
    m_AtlasSize: 1024
    m_AO: 0
    m_AOMaxDistance: 1
    m_CompAOExponent: 1
    m_CompAOExponentDirect: 0
    m_ExtractAmbientOcclusion: 0
    m_Padding: 2
    m_LightmapParameters: {fileID: 0}
    m_LightmapsBakeMode: 1
    m_TextureCompression: 1
    m_FinalGather: 0
    m_FinalGatherFiltering: 1
    m_FinalGatherRayCount: 256
    m_ReflectionCompression: 2
    m_MixedBakeMode: 2
    m_BakeBackend: 1
    m_PVRSampling: 1
    m_PVRDirectSampleCount: 32
    m_PVRSampleCount: 512
    m_PVRBounces: 2
    m_PVREnvironmentSampleCount: 256
    m_PVREnvironmentReferencePointCount: 2048
    m_PVRFilteringMode: 1
    m_PVRDenoiserTypeDirect: 1
    m_PVRDenoiserTypeIndirect: 1
    m_PVRDenoiserTypeAO: 1
    m_PVRFilterTypeDirect: 0
    m_PVRFilterTypeIndirect: 0
    m_PVRFilterTypeAO: 0
    m_PVREnvironmentMIS: 1
    m_PVRCulling: 1
    m_PVRFilteringGaussRadiusDirect: 1
    m_PVRFilteringGaussRadiusIndirect: 5
    m_PVRFilteringGaussRadiusAO: 2
    m_PVRFilteringAtrousPositionSigmaDirect: 0.5
    m_PVRFilteringAtrousPositionSigmaIndirect: 2
    m_PVRFilteringAtrousPositionSigmaAO: 1
    m_ExportTrainingData: 0
    m_TrainingDataDestination: TrainingData
    m_LightProbeSampleCountMultiplier: 4
  m_LightingDataAsset: {fileID: 0}
  m_UseShadowmask: 1
--- !u!196 &4
NavMeshSettings:
  serializedVersion: 2
  m_ObjectHideFlags: 0
  m_BuildSettings:
    serializedVersion: 2
    agentTypeID: 0
    agentRadius: 0.5
    agentHeight: 2
    agentSlope: 45
    agentClimb: 0.4
    ledgeDropHeight: 0
    maxJumpAcrossDistance: 0
    minRegionArea: 2
    manualCellSize: 0
    cellSize: 0.16666667
    manualTileSize: 0
    tileSize: 256
    accuratePlacement: 0
    debug:
      m_Flags: 0
  m_NavMeshData: {fileID: 0}
--- !u!1 &39231736
GameObject:
  m_ObjectHideFlags: 0
  m_CorrespondingSourceObject: {fileID: 0}
  m_PrefabInstance: {fileID: 0}
  m_PrefabAsset: {fileID: 0}
  serializedVersion: 6
  m_Component:
  - component: {fileID: 39231740}
  - component: {fileID: 39231739}
  - component: {fileID: 39231738}
  - component: {fileID: 39231737}
  m_Layer: 0
  m_Name: Cube
  m_TagString: Untagged
  m_Icon: {fileID: 0}
  m_NavMeshLayer: 0
  m_StaticEditorFlags: 0
  m_IsActive: 1
--- !u!65 &39231737
BoxCollider:
  m_ObjectHideFlags: 0
  m_CorrespondingSourceObject: {fileID: 0}
  m_PrefabInstance: {fileID: 0}
  m_PrefabAsset: {fileID: 0}
  m_GameObject: {fileID: 39231736}
  m_Material: {fileID: 0}
  m_IsTrigger: 0
  m_Enabled: 1
  serializedVersion: 2
  m_Size: {x: 1, y: 1, z: 1}
  m_Center: {x: 0, y: 0, z: 0}
--- !u!23 &39231738
MeshRenderer:
  m_ObjectHideFlags: 0
  m_CorrespondingSourceObject: {fileID: 0}
  m_PrefabInstance: {fileID: 0}
  m_PrefabAsset: {fileID: 0}
  m_GameObject: {fileID: 39231736}
  m_Enabled: 1
  m_CastShadows: 1
  m_ReceiveShadows: 1
  m_DynamicOccludee: 1
  m_MotionVectors: 1
  m_LightProbeUsage: 1
  m_ReflectionProbeUsage: 1
  m_RayTracingMode: 2
  m_RenderingLayerMask: 1
  m_RendererPriority: 0
  m_Materials:
  - {fileID: 2100000, guid: 2ace0b1091482ae4db30c1ad666363a7, type: 2}
  m_StaticBatchInfo:
    firstSubMesh: 0
    subMeshCount: 0
  m_StaticBatchRoot: {fileID: 0}
  m_ProbeAnchor: {fileID: 0}
  m_LightProbeVolumeOverride: {fileID: 0}
  m_ScaleInLightmap: 1
  m_ReceiveGI: 1
  m_PreserveUVs: 0
  m_IgnoreNormalsForChartDetection: 0
  m_ImportantGI: 0
  m_StitchLightmapSeams: 1
  m_SelectedEditorRenderState: 3
  m_MinimumChartSize: 4
  m_AutoUVMaxDistance: 0.5
  m_AutoUVMaxAngle: 89
  m_LightmapParameters: {fileID: 0}
  m_SortingLayerID: 0
  m_SortingLayer: 0
  m_SortingOrder: 0
--- !u!33 &39231739
MeshFilter:
  m_ObjectHideFlags: 0
  m_CorrespondingSourceObject: {fileID: 0}
  m_PrefabInstance: {fileID: 0}
  m_PrefabAsset: {fileID: 0}
  m_GameObject: {fileID: 39231736}
  m_Mesh: {fileID: 10202, guid: 0000000000000000e000000000000000, type: 0}
--- !u!4 &39231740
Transform:
  m_ObjectHideFlags: 0
  m_CorrespondingSourceObject: {fileID: 0}
  m_PrefabInstance: {fileID: 0}
  m_PrefabAsset: {fileID: 0}
  m_GameObject: {fileID: 39231736}
  m_LocalRotation: {x: -0, y: 0.70858264, z: -0, w: 0.7056279}
  m_LocalPosition: {x: 193.32722, y: 405, z: -26.0973}
  m_LocalScale: {x: 1201.7275, y: 674.75336, z: 29.292236}
  m_Children: []
  m_Father: {fileID: 0}
  m_RootOrder: 9
  m_LocalEulerAnglesHint: {x: 0, y: 90.239006, z: 0}
--- !u!1 &110829455
GameObject:
  m_ObjectHideFlags: 0
  m_CorrespondingSourceObject: {fileID: 0}
  m_PrefabInstance: {fileID: 0}
  m_PrefabAsset: {fileID: 0}
  serializedVersion: 6
  m_Component:
  - component: {fileID: 110829456}
  - component: {fileID: 110829459}
  - component: {fileID: 110829458}
  - component: {fileID: 110829457}
  - component: {fileID: 110829460}
  m_Layer: 5
  m_Name: Button
  m_TagString: Untagged
  m_Icon: {fileID: 0}
  m_NavMeshLayer: 0
  m_StaticEditorFlags: 0
  m_IsActive: 1
--- !u!224 &110829456
RectTransform:
  m_ObjectHideFlags: 0
  m_CorrespondingSourceObject: {fileID: 0}
  m_PrefabInstance: {fileID: 0}
  m_PrefabAsset: {fileID: 0}
  m_GameObject: {fileID: 110829455}
  m_LocalRotation: {x: 0, y: 0, z: 0, w: 1}
  m_LocalPosition: {x: 0, y: 0, z: -267}
  m_LocalScale: {x: 1, y: 1, z: 1}
  m_Children:
  - {fileID: 348930761}
  m_Father: {fileID: 559893992}
  m_RootOrder: 0
  m_LocalEulerAnglesHint: {x: 0, y: 0, z: 0}
  m_AnchorMin: {x: 0.5, y: 0.5}
  m_AnchorMax: {x: 0.5, y: 0.5}
  m_AnchoredPosition: {x: 35, y: -129.5}
  m_SizeDelta: {x: 60.456284, y: 56.098846}
  m_Pivot: {x: 0.5, y: 0.5}
--- !u!114 &110829457
MonoBehaviour:
  m_ObjectHideFlags: 0
  m_CorrespondingSourceObject: {fileID: 0}
  m_PrefabInstance: {fileID: 0}
  m_PrefabAsset: {fileID: 0}
  m_GameObject: {fileID: 110829455}
  m_Enabled: 1
  m_EditorHideFlags: 0
  m_Script: {fileID: 11500000, guid: 4e29b1a8efbd4b44bb3f3716e73f07ff, type: 3}
  m_Name: 
  m_EditorClassIdentifier: 
  m_Navigation:
    m_Mode: 3
    m_SelectOnUp: {fileID: 0}
    m_SelectOnDown: {fileID: 0}
    m_SelectOnLeft: {fileID: 0}
    m_SelectOnRight: {fileID: 0}
  m_Transition: 1
  m_Colors:
    m_NormalColor: {r: 1, g: 0.23921569, b: 1, a: 0.29803923}
    m_HighlightedColor: {r: 0.9607843, g: 0.9607843, b: 0.9607843, a: 1}
    m_PressedColor: {r: 0.78431374, g: 0.78431374, b: 0.78431374, a: 1}
    m_SelectedColor: {r: 0.9607843, g: 0.9607843, b: 0.9607843, a: 1}
    m_DisabledColor: {r: 0.78431374, g: 0.78431374, b: 0.78431374, a: 0.5019608}
    m_ColorMultiplier: 1
    m_FadeDuration: 0.1
  m_SpriteState:
    m_HighlightedSprite: {fileID: 0}
    m_PressedSprite: {fileID: 0}
    m_SelectedSprite: {fileID: 0}
    m_DisabledSprite: {fileID: 0}
  m_AnimationTriggers:
    m_NormalTrigger: Normal
    m_HighlightedTrigger: Highlighted
    m_PressedTrigger: Pressed
    m_SelectedTrigger: Selected
    m_DisabledTrigger: Disabled
  m_Interactable: 1
  m_TargetGraphic: {fileID: 110829458}
  m_OnClick:
    m_PersistentCalls:
      m_Calls: []
--- !u!114 &110829458
MonoBehaviour:
  m_ObjectHideFlags: 0
  m_CorrespondingSourceObject: {fileID: 0}
  m_PrefabInstance: {fileID: 0}
  m_PrefabAsset: {fileID: 0}
  m_GameObject: {fileID: 110829455}
  m_Enabled: 1
  m_EditorHideFlags: 0
  m_Script: {fileID: 11500000, guid: fe87c0e1cc204ed48ad3b37840f39efc, type: 3}
  m_Name: 
  m_EditorClassIdentifier: 
  m_Material: {fileID: 0}
  m_Color: {r: 1, g: 1, b: 1, a: 1}
  m_RaycastTarget: 1
  m_Maskable: 1
  m_OnCullStateChanged:
    m_PersistentCalls:
      m_Calls: []
  m_Sprite: {fileID: 10905, guid: 0000000000000000f000000000000000, type: 0}
  m_Type: 1
  m_PreserveAspect: 0
  m_FillCenter: 1
  m_FillMethod: 4
  m_FillAmount: 1
  m_FillClockwise: 1
  m_FillOrigin: 0
  m_UseSpriteMesh: 0
  m_PixelsPerUnitMultiplier: 1
--- !u!222 &110829459
CanvasRenderer:
  m_ObjectHideFlags: 0
  m_CorrespondingSourceObject: {fileID: 0}
  m_PrefabInstance: {fileID: 0}
  m_PrefabAsset: {fileID: 0}
  m_GameObject: {fileID: 110829455}
  m_CullTransparentMesh: 0
--- !u!114 &110829460
MonoBehaviour:
  m_ObjectHideFlags: 0
  m_CorrespondingSourceObject: {fileID: 0}
  m_PrefabInstance: {fileID: 0}
  m_PrefabAsset: {fileID: 0}
  m_GameObject: {fileID: 110829455}
  m_Enabled: 1
  m_EditorHideFlags: 0
  m_Script: {fileID: 11500000, guid: 00f1d4c021f77144c97a10376de2c9e5, type: 3}
  m_Name: 
  m_EditorClassIdentifier: 
--- !u!4 &177038326 stripped
Transform:
  m_CorrespondingSourceObject: {fileID: 3496070741341461036, guid: ff644c8103e8f8143931caa154454ae5,
    type: 3}
  m_PrefabInstance: {fileID: 3496070739665609783}
  m_PrefabAsset: {fileID: 0}
--- !u!1001 &191075745
PrefabInstance:
  m_ObjectHideFlags: 0
  serializedVersion: 2
  m_Modification:
    m_TransformParent: {fileID: 0}
    m_Modifications:
    - target: {fileID: 100000, guid: e5c76cf8c52b6c246b327efbfbebb904, type: 3}
      propertyPath: m_Name
      value: Headstone 1
      objectReference: {fileID: 0}
    - target: {fileID: 400000, guid: e5c76cf8c52b6c246b327efbfbebb904, type: 3}
      propertyPath: m_LocalPosition.x
      value: 347.04684
      objectReference: {fileID: 0}
    - target: {fileID: 400000, guid: e5c76cf8c52b6c246b327efbfbebb904, type: 3}
      propertyPath: m_LocalPosition.y
      value: 191
      objectReference: {fileID: 0}
    - target: {fileID: 400000, guid: e5c76cf8c52b6c246b327efbfbebb904, type: 3}
      propertyPath: m_LocalPosition.z
      value: -375.74234
      objectReference: {fileID: 0}
    - target: {fileID: 400000, guid: e5c76cf8c52b6c246b327efbfbebb904, type: 3}
      propertyPath: m_LocalRotation.x
      value: -0
      objectReference: {fileID: 0}
    - target: {fileID: 400000, guid: e5c76cf8c52b6c246b327efbfbebb904, type: 3}
      propertyPath: m_LocalRotation.y
      value: -0.7056279
      objectReference: {fileID: 0}
    - target: {fileID: 400000, guid: e5c76cf8c52b6c246b327efbfbebb904, type: 3}
      propertyPath: m_LocalRotation.z
      value: -0
      objectReference: {fileID: 0}
    - target: {fileID: 400000, guid: e5c76cf8c52b6c246b327efbfbebb904, type: 3}
      propertyPath: m_LocalRotation.w
      value: 0.70858264
      objectReference: {fileID: 0}
    - target: {fileID: 400000, guid: e5c76cf8c52b6c246b327efbfbebb904, type: 3}
      propertyPath: m_RootOrder
      value: 4
      objectReference: {fileID: 0}
    - target: {fileID: 400000, guid: e5c76cf8c52b6c246b327efbfbebb904, type: 3}
      propertyPath: m_LocalEulerAnglesHint.x
      value: 0
      objectReference: {fileID: 0}
    - target: {fileID: 400000, guid: e5c76cf8c52b6c246b327efbfbebb904, type: 3}
      propertyPath: m_LocalEulerAnglesHint.y
      value: -89.761
      objectReference: {fileID: 0}
    - target: {fileID: 400000, guid: e5c76cf8c52b6c246b327efbfbebb904, type: 3}
      propertyPath: m_LocalEulerAnglesHint.z
      value: 0
      objectReference: {fileID: 0}
    - target: {fileID: 400000, guid: e5c76cf8c52b6c246b327efbfbebb904, type: 3}
      propertyPath: m_LocalScale.x
      value: 73.01247
      objectReference: {fileID: 0}
    - target: {fileID: 400000, guid: e5c76cf8c52b6c246b327efbfbebb904, type: 3}
      propertyPath: m_LocalScale.y
      value: 73.01247
      objectReference: {fileID: 0}
    - target: {fileID: 400000, guid: e5c76cf8c52b6c246b327efbfbebb904, type: 3}
      propertyPath: m_LocalScale.z
      value: 73.01247
      objectReference: {fileID: 0}
    - target: {fileID: 2300000, guid: e5c76cf8c52b6c246b327efbfbebb904, type: 3}
      propertyPath: m_Materials.Array.data[0]
      value: 
      objectReference: {fileID: 2100000, guid: e4fdcc5d9cb6a0c46a7494e48da93348, type: 2}
    m_RemovedComponents: []
  m_SourcePrefab: {fileID: 100100000, guid: e5c76cf8c52b6c246b327efbfbebb904, type: 3}
--- !u!1 &244823327
GameObject:
  m_ObjectHideFlags: 0
  m_CorrespondingSourceObject: {fileID: 0}
  m_PrefabInstance: {fileID: 0}
  m_PrefabAsset: {fileID: 0}
  serializedVersion: 6
  m_Component:
  - component: {fileID: 244823329}
  - component: {fileID: 244823328}
  m_Layer: 0
  m_Name: Spot Light
  m_TagString: Untagged
  m_Icon: {fileID: 0}
  m_NavMeshLayer: 0
  m_StaticEditorFlags: 0
  m_IsActive: 1
--- !u!108 &244823328
Light:
  m_ObjectHideFlags: 0
  m_CorrespondingSourceObject: {fileID: 0}
  m_PrefabInstance: {fileID: 0}
  m_PrefabAsset: {fileID: 0}
  m_GameObject: {fileID: 244823327}
  m_Enabled: 1
  serializedVersion: 10
  m_Type: 2
  m_Shape: 0
  m_Color: {r: 0.291, g: 0.468, b: 0.44, a: 0.59607846}
  m_Intensity: 5
  m_Range: 900
  m_SpotAngle: 124.9
  m_InnerSpotAngle: 1
  m_CookieSize: 10
  m_Shadows:
    m_Type: 0
    m_Resolution: -1
    m_CustomResolution: -1
    m_Strength: 1
    m_Bias: 0.05
    m_NormalBias: 0.4
    m_NearPlane: 0.2
    m_CullingMatrixOverride:
      e00: 1
      e01: 0
      e02: 0
      e03: 0
      e10: 0
      e11: 1
      e12: 0
      e13: 0
      e20: 0
      e21: 0
      e22: 1
      e23: 0
      e30: 0
      e31: 0
      e32: 0
      e33: 1
    m_UseCullingMatrixOverride: 0
  m_Cookie: {fileID: 0}
  m_DrawHalo: 0
  m_Flare: {fileID: 0}
  m_RenderMode: 0
  m_CullingMask:
    serializedVersion: 2
    m_Bits: 4294967295
  m_RenderingLayerMask: 1
  m_Lightmapping: 4
  m_LightShadowCasterMode: 0
  m_AreaSize: {x: 100, y: 100}
  m_BounceIntensity: 1
  m_ColorTemperature: 6570
  m_UseColorTemperature: 0
  m_BoundingSphereOverride: {x: 0, y: 0, z: 0, w: 0}
  m_UseBoundingSphereOverride: 0
  m_ShadowRadius: 0
  m_ShadowAngle: 0
--- !u!4 &244823329
Transform:
  m_ObjectHideFlags: 0
  m_CorrespondingSourceObject: {fileID: 0}
  m_PrefabInstance: {fileID: 0}
  m_PrefabAsset: {fileID: 0}
  m_GameObject: {fileID: 244823327}
  m_LocalRotation: {x: -0.5060108, y: 0.4939582, z: -0.50390047, w: -0.49602702}
  m_LocalPosition: {x: 597.48236, y: 267, z: 10.215084}
  m_LocalScale: {x: 128.45284, y: 128.45284, z: 128.45284}
  m_Children: []
  m_Father: {fileID: 0}
  m_RootOrder: 2
  m_LocalEulerAnglesHint: {x: -268.859, y: -89.76099, z: 0}
--- !u!1001 &254702518
PrefabInstance:
  m_ObjectHideFlags: 0
  serializedVersion: 2
  m_Modification:
    m_TransformParent: {fileID: 0}
    m_Modifications:
    - target: {fileID: 100000, guid: e5c76cf8c52b6c246b327efbfbebb904, type: 3}
      propertyPath: m_Name
      value: Headstone 4
      objectReference: {fileID: 0}
    - target: {fileID: 400000, guid: e5c76cf8c52b6c246b327efbfbebb904, type: 3}
      propertyPath: m_LocalPosition.x
      value: 396.69955
      objectReference: {fileID: 0}
    - target: {fileID: 400000, guid: e5c76cf8c52b6c246b327efbfbebb904, type: 3}
      propertyPath: m_LocalPosition.y
      value: 180
      objectReference: {fileID: 0}
    - target: {fileID: 400000, guid: e5c76cf8c52b6c246b327efbfbebb904, type: 3}
      propertyPath: m_LocalPosition.z
      value: 302.05637
      objectReference: {fileID: 0}
    - target: {fileID: 400000, guid: e5c76cf8c52b6c246b327efbfbebb904, type: 3}
      propertyPath: m_LocalRotation.x
      value: -0
      objectReference: {fileID: 0}
    - target: {fileID: 400000, guid: e5c76cf8c52b6c246b327efbfbebb904, type: 3}
      propertyPath: m_LocalRotation.y
      value: -0.7056279
      objectReference: {fileID: 0}
    - target: {fileID: 400000, guid: e5c76cf8c52b6c246b327efbfbebb904, type: 3}
      propertyPath: m_LocalRotation.z
      value: -0
      objectReference: {fileID: 0}
    - target: {fileID: 400000, guid: e5c76cf8c52b6c246b327efbfbebb904, type: 3}
      propertyPath: m_LocalRotation.w
      value: 0.70858264
      objectReference: {fileID: 0}
    - target: {fileID: 400000, guid: e5c76cf8c52b6c246b327efbfbebb904, type: 3}
      propertyPath: m_RootOrder
      value: 6
      objectReference: {fileID: 0}
    - target: {fileID: 400000, guid: e5c76cf8c52b6c246b327efbfbebb904, type: 3}
      propertyPath: m_LocalEulerAnglesHint.x
      value: 0
      objectReference: {fileID: 0}
    - target: {fileID: 400000, guid: e5c76cf8c52b6c246b327efbfbebb904, type: 3}
      propertyPath: m_LocalEulerAnglesHint.y
      value: -89.761
      objectReference: {fileID: 0}
    - target: {fileID: 400000, guid: e5c76cf8c52b6c246b327efbfbebb904, type: 3}
      propertyPath: m_LocalEulerAnglesHint.z
      value: 0
      objectReference: {fileID: 0}
    - target: {fileID: 400000, guid: e5c76cf8c52b6c246b327efbfbebb904, type: 3}
      propertyPath: m_LocalScale.x
      value: 73.01247
      objectReference: {fileID: 0}
    - target: {fileID: 400000, guid: e5c76cf8c52b6c246b327efbfbebb904, type: 3}
      propertyPath: m_LocalScale.y
      value: 73.01247
      objectReference: {fileID: 0}
    - target: {fileID: 400000, guid: e5c76cf8c52b6c246b327efbfbebb904, type: 3}
      propertyPath: m_LocalScale.z
      value: 73.01247
      objectReference: {fileID: 0}
    - target: {fileID: 2300000, guid: e5c76cf8c52b6c246b327efbfbebb904, type: 3}
      propertyPath: m_Materials.Array.data[0]
      value: 
      objectReference: {fileID: 2100000, guid: 94ef7e6e8bd39ce4fa67050f71a6e435, type: 2}
    m_RemovedComponents: []
  m_SourcePrefab: {fileID: 100100000, guid: e5c76cf8c52b6c246b327efbfbebb904, type: 3}
--- !u!4 &331599416 stripped
Transform:
  m_CorrespondingSourceObject: {fileID: 400000, guid: 2ba5d70441525184795ba9d880ddb04c,
    type: 3}
  m_PrefabInstance: {fileID: 568176703}
  m_PrefabAsset: {fileID: 0}
--- !u!1 &348930760
GameObject:
  m_ObjectHideFlags: 0
  m_CorrespondingSourceObject: {fileID: 0}
  m_PrefabInstance: {fileID: 0}
  m_PrefabAsset: {fileID: 0}
  serializedVersion: 6
  m_Component:
  - component: {fileID: 348930761}
  - component: {fileID: 348930763}
  - component: {fileID: 348930762}
  m_Layer: 5
  m_Name: Text
  m_TagString: Untagged
  m_Icon: {fileID: 0}
  m_NavMeshLayer: 0
  m_StaticEditorFlags: 0
  m_IsActive: 1
--- !u!224 &348930761
RectTransform:
  m_ObjectHideFlags: 0
  m_CorrespondingSourceObject: {fileID: 0}
  m_PrefabInstance: {fileID: 0}
  m_PrefabAsset: {fileID: 0}
  m_GameObject: {fileID: 348930760}
  m_LocalRotation: {x: -0, y: -0, z: -0, w: 1}
  m_LocalPosition: {x: 0, y: 0, z: 0}
  m_LocalScale: {x: 1, y: 1, z: 1}
  m_Children: []
  m_Father: {fileID: 110829456}
  m_RootOrder: 0
  m_LocalEulerAnglesHint: {x: 0, y: 0, z: 0}
  m_AnchorMin: {x: 0, y: 0}
  m_AnchorMax: {x: 1, y: 1}
  m_AnchoredPosition: {x: 0, y: 0}
  m_SizeDelta: {x: 0, y: 0}
  m_Pivot: {x: 0.5, y: 0.5}
--- !u!114 &348930762
MonoBehaviour:
  m_ObjectHideFlags: 0
  m_CorrespondingSourceObject: {fileID: 0}
  m_PrefabInstance: {fileID: 0}
  m_PrefabAsset: {fileID: 0}
  m_GameObject: {fileID: 348930760}
  m_Enabled: 1
  m_EditorHideFlags: 0
  m_Script: {fileID: 11500000, guid: 5f7201a12d95ffc409449d95f23cf332, type: 3}
  m_Name: 
  m_EditorClassIdentifier: 
  m_Material: {fileID: 0}
  m_Color: {r: 1, g: 1, b: 1, a: 1}
  m_RaycastTarget: 1
  m_Maskable: 1
  m_OnCullStateChanged:
    m_PersistentCalls:
      m_Calls: []
  m_FontData:
    m_Font: {fileID: 10102, guid: 0000000000000000e000000000000000, type: 0}
    m_FontSize: 12
    m_FontStyle: 0
    m_BestFit: 0
    m_MinSize: 1
    m_MaxSize: 40
    m_Alignment: 4
    m_AlignByGeometry: 0
    m_RichText: 1
    m_HorizontalOverflow: 0
    m_VerticalOverflow: 0
    m_LineSpacing: 1
  m_Text: hold D to hit the skull to start
--- !u!222 &348930763
CanvasRenderer:
  m_ObjectHideFlags: 0
  m_CorrespondingSourceObject: {fileID: 0}
  m_PrefabInstance: {fileID: 0}
  m_PrefabAsset: {fileID: 0}
  m_GameObject: {fileID: 348930760}
  m_CullTransparentMesh: 0
--- !u!1001 &486783474
PrefabInstance:
  m_ObjectHideFlags: 0
  serializedVersion: 2
  m_Modification:
    m_TransformParent: {fileID: 0}
    m_Modifications:
    - target: {fileID: -6743751574634196925, guid: 180908ffa18a0914ab361ef6720ea8d5,
        type: 3}
      propertyPath: m_IsKinematic
      value: 1
      objectReference: {fileID: 0}
    - target: {fileID: 6315314079967288178, guid: 180908ffa18a0914ab361ef6720ea8d5,
        type: 3}
      propertyPath: m_Name
      value: skull happy (8)
      objectReference: {fileID: 0}
    - target: {fileID: 7061601794105796961, guid: 180908ffa18a0914ab361ef6720ea8d5,
        type: 3}
      propertyPath: m_LocalPosition.x
      value: 82.228424
      objectReference: {fileID: 0}
    - target: {fileID: 7061601794105796961, guid: 180908ffa18a0914ab361ef6720ea8d5,
        type: 3}
      propertyPath: m_LocalPosition.y
      value: 308.84
      objectReference: {fileID: 0}
    - target: {fileID: 7061601794105796961, guid: 180908ffa18a0914ab361ef6720ea8d5,
        type: 3}
      propertyPath: m_LocalPosition.z
      value: 429.3708
      objectReference: {fileID: 0}
    - target: {fileID: 7061601794105796961, guid: 180908ffa18a0914ab361ef6720ea8d5,
        type: 3}
      propertyPath: m_LocalRotation.x
      value: -0.024707157
      objectReference: {fileID: 0}
    - target: {fileID: 7061601794105796961, guid: 180908ffa18a0914ab361ef6720ea8d5,
        type: 3}
      propertyPath: m_LocalRotation.y
      value: 0.70667505
      objectReference: {fileID: 0}
    - target: {fileID: 7061601794105796961, guid: 180908ffa18a0914ab361ef6720ea8d5,
        type: 3}
      propertyPath: m_LocalRotation.z
      value: 0.70667505
      objectReference: {fileID: 0}
    - target: {fileID: 7061601794105796961, guid: 180908ffa18a0914ab361ef6720ea8d5,
        type: 3}
      propertyPath: m_LocalRotation.w
      value: 0.024707157
      objectReference: {fileID: 0}
    - target: {fileID: 7061601794105796961, guid: 180908ffa18a0914ab361ef6720ea8d5,
        type: 3}
      propertyPath: m_RootOrder
      value: 11
      objectReference: {fileID: 0}
    - target: {fileID: 7061601794105796961, guid: 180908ffa18a0914ab361ef6720ea8d5,
        type: 3}
      propertyPath: m_LocalEulerAnglesHint.x
      value: -90.00001
      objectReference: {fileID: 0}
    - target: {fileID: 7061601794105796961, guid: 180908ffa18a0914ab361ef6720ea8d5,
        type: 3}
      propertyPath: m_LocalEulerAnglesHint.y
      value: 0
      objectReference: {fileID: 0}
    - target: {fileID: 7061601794105796961, guid: 180908ffa18a0914ab361ef6720ea8d5,
        type: 3}
      propertyPath: m_LocalEulerAnglesHint.z
      value: 175.99501
      objectReference: {fileID: 0}
    - target: {fileID: 7061601794105796961, guid: 180908ffa18a0914ab361ef6720ea8d5,
        type: 3}
      propertyPath: m_LocalScale.x
      value: 63.050278
      objectReference: {fileID: 0}
    - target: {fileID: 7061601794105796961, guid: 180908ffa18a0914ab361ef6720ea8d5,
        type: 3}
      propertyPath: m_LocalScale.y
      value: 47.108646
      objectReference: {fileID: 0}
    - target: {fileID: 7061601794105796961, guid: 180908ffa18a0914ab361ef6720ea8d5,
        type: 3}
      propertyPath: m_LocalScale.z
      value: 63.050278
      objectReference: {fileID: 0}
    m_RemovedComponents: []
  m_SourcePrefab: {fileID: 100100000, guid: 180908ffa18a0914ab361ef6720ea8d5, type: 3}
--- !u!1 &559893988
GameObject:
  m_ObjectHideFlags: 0
  m_CorrespondingSourceObject: {fileID: 0}
  m_PrefabInstance: {fileID: 0}
  m_PrefabAsset: {fileID: 0}
  serializedVersion: 6
  m_Component:
  - component: {fileID: 559893992}
  - component: {fileID: 559893991}
  - component: {fileID: 559893990}
  - component: {fileID: 559893989}
  m_Layer: 5
  m_Name: Canvas
  m_TagString: Untagged
  m_Icon: {fileID: 0}
  m_NavMeshLayer: 0
  m_StaticEditorFlags: 0
  m_IsActive: 1
--- !u!114 &559893989
MonoBehaviour:
  m_ObjectHideFlags: 0
  m_CorrespondingSourceObject: {fileID: 0}
  m_PrefabInstance: {fileID: 0}
  m_PrefabAsset: {fileID: 0}
  m_GameObject: {fileID: 559893988}
  m_Enabled: 1
  m_EditorHideFlags: 0
  m_Script: {fileID: 11500000, guid: dc42784cf147c0c48a680349fa168899, type: 3}
  m_Name: 
  m_EditorClassIdentifier: 
  m_IgnoreReversedGraphics: 1
  m_BlockingObjects: 0
  m_BlockingMask:
    serializedVersion: 2
    m_Bits: 4294967295
--- !u!114 &559893990
MonoBehaviour:
  m_ObjectHideFlags: 0
  m_CorrespondingSourceObject: {fileID: 0}
  m_PrefabInstance: {fileID: 0}
  m_PrefabAsset: {fileID: 0}
  m_GameObject: {fileID: 559893988}
  m_Enabled: 1
  m_EditorHideFlags: 0
  m_Script: {fileID: 11500000, guid: 0cd44c1031e13a943bb63640046fad76, type: 3}
  m_Name: 
  m_EditorClassIdentifier: 
  m_UiScaleMode: 0
  m_ReferencePixelsPerUnit: 100
  m_ScaleFactor: 1
  m_ReferenceResolution: {x: 800, y: 600}
  m_ScreenMatchMode: 0
  m_MatchWidthOrHeight: 0
  m_PhysicalUnit: 3
  m_FallbackScreenDPI: 96
  m_DefaultSpriteDPI: 96
  m_DynamicPixelsPerUnit: 1
--- !u!223 &559893991
Canvas:
  m_ObjectHideFlags: 0
  m_CorrespondingSourceObject: {fileID: 0}
  m_PrefabInstance: {fileID: 0}
  m_PrefabAsset: {fileID: 0}
  m_GameObject: {fileID: 559893988}
  m_Enabled: 1
  serializedVersion: 3
  m_RenderMode: 0
  m_Camera: {fileID: 0}
  m_PlaneDistance: 100
  m_PixelPerfect: 0
  m_ReceivesEvents: 1
  m_OverrideSorting: 0
  m_OverridePixelPerfect: 0
  m_SortingBucketNormalizedSize: 0
  m_AdditionalShaderChannelsFlag: 0
  m_SortingLayerID: 0
  m_SortingOrder: 0
  m_TargetDisplay: 0
--- !u!224 &559893992
RectTransform:
  m_ObjectHideFlags: 0
  m_CorrespondingSourceObject: {fileID: 0}
  m_PrefabInstance: {fileID: 0}
  m_PrefabAsset: {fileID: 0}
  m_GameObject: {fileID: 559893988}
  m_LocalRotation: {x: 0, y: 0, z: 0, w: 1}
  m_LocalPosition: {x: 0, y: 0, z: 0}
  m_LocalScale: {x: 0, y: 0, z: 0}
  m_Children:
  - {fileID: 110829456}
  m_Father: {fileID: 1958155742}
  m_RootOrder: 9
  m_LocalEulerAnglesHint: {x: 0, y: -0.66, z: 0}
  m_AnchorMin: {x: 0, y: 0}
  m_AnchorMax: {x: 0, y: 0}
  m_AnchoredPosition: {x: 0, y: 0}
  m_SizeDelta: {x: 0, y: 0}
  m_Pivot: {x: 0, y: 0}
--- !u!1001 &568176703
PrefabInstance:
  m_ObjectHideFlags: 0
  serializedVersion: 2
  m_Modification:
    m_TransformParent: {fileID: 1958155742}
    m_Modifications:
    - target: {fileID: 100000, guid: 2ba5d70441525184795ba9d880ddb04c, type: 3}
      propertyPath: m_Name
      value: Headstone 2
      objectReference: {fileID: 0}
    - target: {fileID: 400000, guid: 2ba5d70441525184795ba9d880ddb04c, type: 3}
      propertyPath: m_LocalPosition.x
      value: 80.01883
      objectReference: {fileID: 0}
    - target: {fileID: 400000, guid: 2ba5d70441525184795ba9d880ddb04c, type: 3}
      propertyPath: m_LocalPosition.y
      value: 126.2475
      objectReference: {fileID: 0}
    - target: {fileID: 400000, guid: 2ba5d70441525184795ba9d880ddb04c, type: 3}
      propertyPath: m_LocalPosition.z
      value: -1758.6858
      objectReference: {fileID: 0}
    - target: {fileID: 400000, guid: 2ba5d70441525184795ba9d880ddb04c, type: 3}
      propertyPath: m_LocalRotation.x
      value: -0
      objectReference: {fileID: 0}
    - target: {fileID: 400000, guid: 2ba5d70441525184795ba9d880ddb04c, type: 3}
      propertyPath: m_LocalRotation.y
      value: -0.7056279
      objectReference: {fileID: 0}
    - target: {fileID: 400000, guid: 2ba5d70441525184795ba9d880ddb04c, type: 3}
      propertyPath: m_LocalRotation.z
      value: -0
      objectReference: {fileID: 0}
    - target: {fileID: 400000, guid: 2ba5d70441525184795ba9d880ddb04c, type: 3}
      propertyPath: m_LocalRotation.w
      value: 0.70858264
      objectReference: {fileID: 0}
    - target: {fileID: 400000, guid: 2ba5d70441525184795ba9d880ddb04c, type: 3}
      propertyPath: m_RootOrder
      value: 0
      objectReference: {fileID: 0}
    - target: {fileID: 400000, guid: 2ba5d70441525184795ba9d880ddb04c, type: 3}
      propertyPath: m_LocalEulerAnglesHint.x
      value: 0
      objectReference: {fileID: 0}
    - target: {fileID: 400000, guid: 2ba5d70441525184795ba9d880ddb04c, type: 3}
      propertyPath: m_LocalEulerAnglesHint.y
      value: -89.761
      objectReference: {fileID: 0}
    - target: {fileID: 400000, guid: 2ba5d70441525184795ba9d880ddb04c, type: 3}
      propertyPath: m_LocalEulerAnglesHint.z
      value: 0
      objectReference: {fileID: 0}
    - target: {fileID: 400000, guid: 2ba5d70441525184795ba9d880ddb04c, type: 3}
      propertyPath: m_LocalScale.x
      value: 109.117424
      objectReference: {fileID: 0}
    - target: {fileID: 400000, guid: 2ba5d70441525184795ba9d880ddb04c, type: 3}
      propertyPath: m_LocalScale.y
      value: 109.117424
      objectReference: {fileID: 0}
    - target: {fileID: 400000, guid: 2ba5d70441525184795ba9d880ddb04c, type: 3}
      propertyPath: m_LocalScale.z
      value: 109.117424
      objectReference: {fileID: 0}
    - target: {fileID: 2300000, guid: 2ba5d70441525184795ba9d880ddb04c, type: 3}
      propertyPath: m_Materials.Array.data[0]
      value: 
      objectReference: {fileID: 2100000, guid: da1d06fbb08385044b8923032861f22a, type: 2}
    m_RemovedComponents: []
  m_SourcePrefab: {fileID: 100100000, guid: 2ba5d70441525184795ba9d880ddb04c, type: 3}
--- !u!1001 &588914399
PrefabInstance:
  m_ObjectHideFlags: 0
  serializedVersion: 2
  m_Modification:
    m_TransformParent: {fileID: 1958155742}
    m_Modifications:
    - target: {fileID: -6743751574634196925, guid: 180908ffa18a0914ab361ef6720ea8d5,
        type: 3}
      propertyPath: m_IsKinematic
      value: 1
      objectReference: {fileID: 0}
    - target: {fileID: 5735429502334087086, guid: 180908ffa18a0914ab361ef6720ea8d5,
        type: 3}
      propertyPath: m_Materials.Array.data[0]
      value: 
      objectReference: {fileID: 2100000, guid: a379b52c5d7846f40b7f947825289e1d, type: 2}
    - target: {fileID: 6315314079967288178, guid: 180908ffa18a0914ab361ef6720ea8d5,
        type: 3}
      propertyPath: m_Name
      value: skull happy (5)
      objectReference: {fileID: 0}
    - target: {fileID: 7061601794105796961, guid: 180908ffa18a0914ab361ef6720ea8d5,
        type: 3}
      propertyPath: m_LocalPosition.x
      value: 108.29587
      objectReference: {fileID: 0}
    - target: {fileID: 7061601794105796961, guid: 180908ffa18a0914ab361ef6720ea8d5,
        type: 3}
      propertyPath: m_LocalPosition.y
      value: 209.1
      objectReference: {fileID: 0}
    - target: {fileID: 7061601794105796961, guid: 180908ffa18a0914ab361ef6720ea8d5,
        type: 3}
      propertyPath: m_LocalPosition.z
      value: -1791.7781
      objectReference: {fileID: 0}
    - target: {fileID: 7061601794105796961, guid: 180908ffa18a0914ab361ef6720ea8d5,
        type: 3}
      propertyPath: m_LocalRotation.x
      value: -0.498954
      objectReference: {fileID: 0}
    - target: {fileID: 7061601794105796961, guid: 180908ffa18a0914ab361ef6720ea8d5,
        type: 3}
      propertyPath: m_LocalRotation.y
      value: 0.5010438
      objectReference: {fileID: 0}
    - target: {fileID: 7061601794105796961, guid: 180908ffa18a0914ab361ef6720ea8d5,
        type: 3}
      propertyPath: m_LocalRotation.z
      value: 0.5010438
      objectReference: {fileID: 0}
    - target: {fileID: 7061601794105796961, guid: 180908ffa18a0914ab361ef6720ea8d5,
        type: 3}
      propertyPath: m_LocalRotation.w
      value: 0.498954
      objectReference: {fileID: 0}
    - target: {fileID: 7061601794105796961, guid: 180908ffa18a0914ab361ef6720ea8d5,
        type: 3}
      propertyPath: m_RootOrder
      value: 5
      objectReference: {fileID: 0}
    - target: {fileID: 7061601794105796961, guid: 180908ffa18a0914ab361ef6720ea8d5,
        type: 3}
      propertyPath: m_LocalEulerAnglesHint.x
      value: -90.00001
      objectReference: {fileID: 0}
    - target: {fileID: 7061601794105796961, guid: 180908ffa18a0914ab361ef6720ea8d5,
        type: 3}
      propertyPath: m_LocalEulerAnglesHint.y
      value: 0
      objectReference: {fileID: 0}
    - target: {fileID: 7061601794105796961, guid: 180908ffa18a0914ab361ef6720ea8d5,
        type: 3}
      propertyPath: m_LocalEulerAnglesHint.z
      value: 90.239006
      objectReference: {fileID: 0}
    - target: {fileID: 7061601794105796961, guid: 180908ffa18a0914ab361ef6720ea8d5,
        type: 3}
      propertyPath: m_LocalScale.x
      value: 11.815762
      objectReference: {fileID: 0}
    - target: {fileID: 7061601794105796961, guid: 180908ffa18a0914ab361ef6720ea8d5,
        type: 3}
      propertyPath: m_LocalScale.y
      value: 8.828265
      objectReference: {fileID: 0}
    - target: {fileID: 7061601794105796961, guid: 180908ffa18a0914ab361ef6720ea8d5,
        type: 3}
      propertyPath: m_LocalScale.z
      value: 11.8157625
      objectReference: {fileID: 0}
    m_RemovedComponents: []
  m_SourcePrefab: {fileID: 100100000, guid: 180908ffa18a0914ab361ef6720ea8d5, type: 3}
--- !u!1 &643723129
GameObject:
  m_ObjectHideFlags: 0
  m_CorrespondingSourceObject: {fileID: 0}
  m_PrefabInstance: {fileID: 0}
  m_PrefabAsset: {fileID: 0}
  serializedVersion: 6
  m_Component:
  - component: {fileID: 643723132}
  - component: {fileID: 643723131}
  - component: {fileID: 643723130}
  m_Layer: 0
  m_Name: EventSystem
  m_TagString: Untagged
  m_Icon: {fileID: 0}
  m_NavMeshLayer: 0
  m_StaticEditorFlags: 0
  m_IsActive: 1
--- !u!114 &643723130
MonoBehaviour:
  m_ObjectHideFlags: 0
  m_CorrespondingSourceObject: {fileID: 0}
  m_PrefabInstance: {fileID: 0}
  m_PrefabAsset: {fileID: 0}
  m_GameObject: {fileID: 643723129}
  m_Enabled: 1
  m_EditorHideFlags: 0
  m_Script: {fileID: 11500000, guid: 4f231c4fb786f3946a6b90b886c48677, type: 3}
  m_Name: 
  m_EditorClassIdentifier: 
  m_HorizontalAxis: Horizontal
  m_VerticalAxis: Vertical
  m_SubmitButton: Submit
  m_CancelButton: Cancel
  m_InputActionsPerSecond: 10
  m_RepeatDelay: 0.5
  m_ForceModuleActive: 0
--- !u!114 &643723131
MonoBehaviour:
  m_ObjectHideFlags: 0
  m_CorrespondingSourceObject: {fileID: 0}
  m_PrefabInstance: {fileID: 0}
  m_PrefabAsset: {fileID: 0}
  m_GameObject: {fileID: 643723129}
  m_Enabled: 1
  m_EditorHideFlags: 0
  m_Script: {fileID: 11500000, guid: 76c392e42b5098c458856cdf6ecaaaa1, type: 3}
  m_Name: 
  m_EditorClassIdentifier: 
  m_FirstSelected: {fileID: 0}
  m_sendNavigationEvents: 1
  m_DragThreshold: 10
--- !u!4 &643723132
Transform:
  m_ObjectHideFlags: 0
  m_CorrespondingSourceObject: {fileID: 0}
  m_PrefabInstance: {fileID: 0}
  m_PrefabAsset: {fileID: 0}
  m_GameObject: {fileID: 643723129}
  m_LocalRotation: {x: 0, y: 0, z: 0, w: 1}
  m_LocalPosition: {x: 0, y: 0, z: 0}
  m_LocalScale: {x: 1, y: 1, z: 1}
  m_Children: []
  m_Father: {fileID: 0}
  m_RootOrder: 3
  m_LocalEulerAnglesHint: {x: 0, y: 0, z: 0}
--- !u!4 &646542446 stripped
Transform:
  m_CorrespondingSourceObject: {fileID: 7061601794105796961, guid: 180908ffa18a0914ab361ef6720ea8d5,
    type: 3}
  m_PrefabInstance: {fileID: 588914399}
  m_PrefabAsset: {fileID: 0}
--- !u!1001 &654428939
PrefabInstance:
  m_ObjectHideFlags: 0
  serializedVersion: 2
  m_Modification:
    m_TransformParent: {fileID: 1958155742}
    m_Modifications:
    - target: {fileID: -6743751574634196925, guid: 180908ffa18a0914ab361ef6720ea8d5,
        type: 3}
      propertyPath: m_IsKinematic
      value: 1
      objectReference: {fileID: 0}
    - target: {fileID: 6315314079967288178, guid: 180908ffa18a0914ab361ef6720ea8d5,
        type: 3}
      propertyPath: m_Name
      value: skull happy (1)
      objectReference: {fileID: 0}
    - target: {fileID: 7061601794105796961, guid: 180908ffa18a0914ab361ef6720ea8d5,
        type: 3}
      propertyPath: m_LocalPosition.x
      value: 101.01279
      objectReference: {fileID: 0}
    - target: {fileID: 7061601794105796961, guid: 180908ffa18a0914ab361ef6720ea8d5,
        type: 3}
      propertyPath: m_LocalPosition.y
      value: 272.82895
      objectReference: {fileID: 0}
    - target: {fileID: 7061601794105796961, guid: 180908ffa18a0914ab361ef6720ea8d5,
        type: 3}
      propertyPath: m_LocalPosition.z
      value: -1711.6254
      objectReference: {fileID: 0}
    - target: {fileID: 7061601794105796961, guid: 180908ffa18a0914ab361ef6720ea8d5,
        type: 3}
      propertyPath: m_LocalRotation.x
      value: 0.17661777
      objectReference: {fileID: 0}
    - target: {fileID: 7061601794105796961, guid: 180908ffa18a0914ab361ef6720ea8d5,
        type: 3}
      propertyPath: m_LocalRotation.y
      value: -0.64531237
      objectReference: {fileID: 0}
    - target: {fileID: 7061601794105796961, guid: 180908ffa18a0914ab361ef6720ea8d5,
        type: 3}
      propertyPath: m_LocalRotation.z
      value: -0.5633407
      objectReference: {fileID: 0}
    - target: {fileID: 7061601794105796961, guid: 180908ffa18a0914ab361ef6720ea8d5,
        type: 3}
      propertyPath: m_LocalRotation.w
      value: -0.48479423
      objectReference: {fileID: 0}
    - target: {fileID: 7061601794105796961, guid: 180908ffa18a0914ab361ef6720ea8d5,
        type: 3}
      propertyPath: m_RootOrder
      value: 2
      objectReference: {fileID: 0}
    - target: {fileID: 7061601794105796961, guid: 180908ffa18a0914ab361ef6720ea8d5,
        type: 3}
      propertyPath: m_LocalEulerAnglesHint.x
      value: -116.062996
      objectReference: {fileID: 0}
    - target: {fileID: 7061601794105796961, guid: 180908ffa18a0914ab361ef6720ea8d5,
        type: 3}
      propertyPath: m_LocalEulerAnglesHint.y
      value: -103.79401
      objectReference: {fileID: 0}
    - target: {fileID: 7061601794105796961, guid: 180908ffa18a0914ab361ef6720ea8d5,
        type: 3}
      propertyPath: m_LocalEulerAnglesHint.z
      value: -133.584
      objectReference: {fileID: 0}
    - target: {fileID: 7061601794105796961, guid: 180908ffa18a0914ab361ef6720ea8d5,
        type: 3}
      propertyPath: m_LocalScale.x
      value: 11.815764
      objectReference: {fileID: 0}
    - target: {fileID: 7061601794105796961, guid: 180908ffa18a0914ab361ef6720ea8d5,
        type: 3}
      propertyPath: m_LocalScale.y
      value: 8.828267
      objectReference: {fileID: 0}
    - target: {fileID: 7061601794105796961, guid: 180908ffa18a0914ab361ef6720ea8d5,
        type: 3}
      propertyPath: m_LocalScale.z
      value: 11.815764
      objectReference: {fileID: 0}
    m_RemovedComponents: []
  m_SourcePrefab: {fileID: 100100000, guid: 180908ffa18a0914ab361ef6720ea8d5, type: 3}
--- !u!1 &708587728
GameObject:
  m_ObjectHideFlags: 0
  m_CorrespondingSourceObject: {fileID: 0}
  m_PrefabInstance: {fileID: 0}
  m_PrefabAsset: {fileID: 0}
  serializedVersion: 6
  m_Component:
  - component: {fileID: 708587731}
  - component: {fileID: 708587730}
  - component: {fileID: 708587729}
  m_Layer: 0
  m_Name: Main Camera
  m_TagString: MainCamera
  m_Icon: {fileID: 0}
  m_NavMeshLayer: 0
  m_StaticEditorFlags: 0
  m_IsActive: 1
--- !u!81 &708587729
AudioListener:
  m_ObjectHideFlags: 0
  m_CorrespondingSourceObject: {fileID: 0}
  m_PrefabInstance: {fileID: 0}
  m_PrefabAsset: {fileID: 0}
  m_GameObject: {fileID: 708587728}
  m_Enabled: 1
--- !u!20 &708587730
Camera:
  m_ObjectHideFlags: 0
  m_CorrespondingSourceObject: {fileID: 0}
  m_PrefabInstance: {fileID: 0}
  m_PrefabAsset: {fileID: 0}
  m_GameObject: {fileID: 708587728}
  m_Enabled: 1
  serializedVersion: 2
  m_ClearFlags: 1
  m_BackGroundColor: {r: 1, g: 1, b: 1, a: 0}
  m_projectionMatrixMode: 1
  m_GateFitMode: 2
  m_FOVAxisMode: 0
  m_SensorSize: {x: 36, y: 24}
  m_LensShift: {x: 0, y: 0}
  m_FocalLength: 50
  m_NormalizedViewPortRect:
    serializedVersion: 2
    x: 0
    y: 0
    width: 1
    height: 1
  near clip plane: 0.3
  far clip plane: 1000
  field of view: 53.19808
  orthographic: 0
  orthographic size: 5
  m_Depth: -1
  m_CullingMask:
    serializedVersion: 2
    m_Bits: 4294967295
  m_RenderingPath: -1
  m_TargetTexture: {fileID: 0}
  m_TargetDisplay: 0
  m_TargetEye: 3
  m_HDR: 1
  m_AllowMSAA: 1
  m_AllowDynamicResolution: 0
  m_ForceIntoRT: 0
  m_OcclusionCulling: 1
  m_StereoConvergence: 10
  m_StereoSeparation: 0.022
--- !u!4 &708587731
Transform:
  m_ObjectHideFlags: 0
  m_CorrespondingSourceObject: {fileID: 0}
  m_PrefabInstance: {fileID: 0}
  m_PrefabAsset: {fileID: 0}
  m_GameObject: {fileID: 708587728}
  m_LocalRotation: {x: -0, y: -0.7056279, z: -0, w: 0.70858264}
  m_LocalPosition: {x: 978.3827, y: 358, z: -14.376019}
  m_LocalScale: {x: 1, y: 1, z: 1}
  m_Children: []
  m_Father: {fileID: 0}
  m_RootOrder: 0
  m_LocalEulerAnglesHint: {x: 0, y: -89.761, z: 0}
--- !u!1 &723231491
GameObject:
  m_ObjectHideFlags: 0
  m_CorrespondingSourceObject: {fileID: 0}
  m_PrefabInstance: {fileID: 0}
  m_PrefabAsset: {fileID: 0}
  serializedVersion: 6
  m_Component:
  - component: {fileID: 723231493}
  - component: {fileID: 723231492}
  m_Layer: 0
  m_Name: Directional Light
  m_TagString: Untagged
  m_Icon: {fileID: 0}
  m_NavMeshLayer: 0
  m_StaticEditorFlags: 0
  m_IsActive: 1
--- !u!108 &723231492
Light:
  m_ObjectHideFlags: 0
  m_CorrespondingSourceObject: {fileID: 0}
  m_PrefabInstance: {fileID: 0}
  m_PrefabAsset: {fileID: 0}
  m_GameObject: {fileID: 723231491}
  m_Enabled: 1
  serializedVersion: 10
  m_Type: 1
  m_Shape: 0
  m_Color: {r: 1, g: 0, b: 0.9711933, a: 0.41960785}
  m_Intensity: 1
  m_Range: 10
  m_SpotAngle: 30
  m_InnerSpotAngle: 21.80208
  m_CookieSize: 10
  m_Shadows:
    m_Type: 2
    m_Resolution: -1
    m_CustomResolution: -1
    m_Strength: 1
    m_Bias: 0.05
    m_NormalBias: 0.4
    m_NearPlane: 0.2
    m_CullingMatrixOverride:
      e00: 1
      e01: 0
      e02: 0
      e03: 0
      e10: 0
      e11: 1
      e12: 0
      e13: 0
      e20: 0
      e21: 0
      e22: 1
      e23: 0
      e30: 0
      e31: 0
      e32: 0
      e33: 1
    m_UseCullingMatrixOverride: 0
  m_Cookie: {fileID: 0}
  m_DrawHalo: 0
  m_Flare: {fileID: 0}
  m_RenderMode: 0
  m_CullingMask:
    serializedVersion: 2
    m_Bits: 4294967295
  m_RenderingLayerMask: 1
  m_Lightmapping: 4
  m_LightShadowCasterMode: 0
  m_AreaSize: {x: 1, y: 1}
  m_BounceIntensity: 1
  m_ColorTemperature: 6570
  m_UseColorTemperature: 0
  m_BoundingSphereOverride: {x: 0, y: 0, z: 0, w: 0}
  m_UseBoundingSphereOverride: 0
  m_ShadowRadius: 0
  m_ShadowAngle: 0
--- !u!4 &723231493
Transform:
  m_ObjectHideFlags: 0
  m_CorrespondingSourceObject: {fileID: 0}
  m_PrefabInstance: {fileID: 0}
  m_PrefabAsset: {fileID: 0}
  m_GameObject: {fileID: 723231491}
  m_LocalRotation: {x: 0.46419132, y: -0.47125813, z: -0.74748915, w: 0.060845617}
  m_LocalPosition: {x: 348.61627, y: 469, z: 282.25684}
  m_LocalScale: {x: 1, y: 1, z: 1}
  m_Children: []
  m_Father: {fileID: 0}
  m_RootOrder: 1
  m_LocalEulerAnglesHint: {x: -139.607, y: -260.562, z: 43.93799}
--- !u!1 &725925751
GameObject:
  m_ObjectHideFlags: 0
  m_CorrespondingSourceObject: {fileID: 0}
  m_PrefabInstance: {fileID: 0}
  m_PrefabAsset: {fileID: 0}
  serializedVersion: 6
  m_Component:
  - component: {fileID: 725925755}
  - component: {fileID: 725925754}
  - component: {fileID: 725925753}
  - component: {fileID: 725925752}
  m_Layer: 0
  m_Name: Plane (1)
  m_TagString: Untagged
  m_Icon: {fileID: 0}
  m_NavMeshLayer: 0
  m_StaticEditorFlags: 0
  m_IsActive: 1
--- !u!64 &725925752
MeshCollider:
  m_ObjectHideFlags: 0
  m_CorrespondingSourceObject: {fileID: 0}
  m_PrefabInstance: {fileID: 0}
  m_PrefabAsset: {fileID: 0}
  m_GameObject: {fileID: 725925751}
  m_Material: {fileID: 0}
  m_IsTrigger: 0
  m_Enabled: 1
  serializedVersion: 4
  m_Convex: 0
  m_CookingOptions: 30
  m_Mesh: {fileID: 10209, guid: 0000000000000000e000000000000000, type: 0}
--- !u!23 &725925753
MeshRenderer:
  m_ObjectHideFlags: 0
  m_CorrespondingSourceObject: {fileID: 0}
  m_PrefabInstance: {fileID: 0}
  m_PrefabAsset: {fileID: 0}
  m_GameObject: {fileID: 725925751}
  m_Enabled: 1
  m_CastShadows: 1
  m_ReceiveShadows: 1
  m_DynamicOccludee: 1
  m_MotionVectors: 1
  m_LightProbeUsage: 1
  m_ReflectionProbeUsage: 1
  m_RayTracingMode: 2
  m_RenderingLayerMask: 1
  m_RendererPriority: 0
  m_Materials:
  - {fileID: 10303, guid: 0000000000000000f000000000000000, type: 0}
  m_StaticBatchInfo:
    firstSubMesh: 0
    subMeshCount: 0
  m_StaticBatchRoot: {fileID: 0}
  m_ProbeAnchor: {fileID: 0}
  m_LightProbeVolumeOverride: {fileID: 0}
  m_ScaleInLightmap: 1
  m_ReceiveGI: 1
  m_PreserveUVs: 0
  m_IgnoreNormalsForChartDetection: 0
  m_ImportantGI: 0
  m_StitchLightmapSeams: 1
  m_SelectedEditorRenderState: 3
  m_MinimumChartSize: 4
  m_AutoUVMaxDistance: 0.5
  m_AutoUVMaxAngle: 89
  m_LightmapParameters: {fileID: 0}
  m_SortingLayerID: 0
  m_SortingLayer: 0
  m_SortingOrder: 0
--- !u!33 &725925754
MeshFilter:
  m_ObjectHideFlags: 0
  m_CorrespondingSourceObject: {fileID: 0}
  m_PrefabInstance: {fileID: 0}
  m_PrefabAsset: {fileID: 0}
  m_GameObject: {fileID: 725925751}
  m_Mesh: {fileID: 10209, guid: 0000000000000000e000000000000000, type: 0}
--- !u!4 &725925755
Transform:
  m_ObjectHideFlags: 0
  m_CorrespondingSourceObject: {fileID: 0}
  m_PrefabInstance: {fileID: 0}
  m_PrefabAsset: {fileID: 0}
  m_GameObject: {fileID: 725925751}
  m_LocalRotation: {x: 0.5010438, y: 0.498954, z: 0.498954, w: -0.5010438}
  m_LocalPosition: {x: -898.5233, y: 338.7475, z: -2537.8127}
  m_LocalScale: {x: 89.87872, y: 80.7173, z: 4.898463}
  m_Children: []
  m_Father: {fileID: 1487854927}
  m_RootOrder: 1
  m_LocalEulerAnglesHint: {x: 270, y: 0, z: -89.761}
--- !u!1001 &754736681
PrefabInstance:
  m_ObjectHideFlags: 0
  serializedVersion: 2
  m_Modification:
    m_TransformParent: {fileID: 1958155742}
    m_Modifications:
    - target: {fileID: -6743751574634196925, guid: 180908ffa18a0914ab361ef6720ea8d5,
        type: 3}
      propertyPath: m_IsKinematic
      value: 1
      objectReference: {fileID: 0}
    - target: {fileID: 6315314079967288178, guid: 180908ffa18a0914ab361ef6720ea8d5,
        type: 3}
      propertyPath: m_Name
      value: skull happy (2)
      objectReference: {fileID: 0}
    - target: {fileID: 7061601794105796961, guid: 180908ffa18a0914ab361ef6720ea8d5,
        type: 3}
      propertyPath: m_LocalPosition.x
      value: 100.6716
      objectReference: {fileID: 0}
    - target: {fileID: 7061601794105796961, guid: 180908ffa18a0914ab361ef6720ea8d5,
        type: 3}
      propertyPath: m_LocalPosition.y
      value: 272.8026
      objectReference: {fileID: 0}
    - target: {fileID: 7061601794105796961, guid: 180908ffa18a0914ab361ef6720ea8d5,
        type: 3}
      propertyPath: m_LocalPosition.z
      value: -1802.0748
      objectReference: {fileID: 0}
    - target: {fileID: 7061601794105796961, guid: 180908ffa18a0914ab361ef6720ea8d5,
        type: 3}
      propertyPath: m_LocalRotation.x
      value: -0.5060849
      objectReference: {fileID: 0}
    - target: {fileID: 7061601794105796961, guid: 180908ffa18a0914ab361ef6720ea8d5,
        type: 3}
      propertyPath: m_LocalRotation.y
      value: 0.54000604
      objectReference: {fileID: 0}
    - target: {fileID: 7061601794105796961, guid: 180908ffa18a0914ab361ef6720ea8d5,
        type: 3}
      propertyPath: m_LocalRotation.z
      value: 0.24468926
      objectReference: {fileID: 0}
    - target: {fileID: 7061601794105796961, guid: 180908ffa18a0914ab361ef6720ea8d5,
        type: 3}
      propertyPath: m_LocalRotation.w
      value: 0.62641746
      objectReference: {fileID: 0}
    - target: {fileID: 7061601794105796961, guid: 180908ffa18a0914ab361ef6720ea8d5,
        type: 3}
      propertyPath: m_RootOrder
      value: 3
      objectReference: {fileID: 0}
    - target: {fileID: 7061601794105796961, guid: 180908ffa18a0914ab361ef6720ea8d5,
        type: 3}
      propertyPath: m_LocalEulerAnglesHint.x
      value: -63.937004
      objectReference: {fileID: 0}
    - target: {fileID: 7061601794105796961, guid: 180908ffa18a0914ab361ef6720ea8d5,
        type: 3}
      propertyPath: m_LocalEulerAnglesHint.y
      value: 102.548004
      objectReference: {fileID: 0}
    - target: {fileID: 7061601794105796961, guid: 180908ffa18a0914ab361ef6720ea8d5,
        type: 3}
      propertyPath: m_LocalEulerAnglesHint.z
      value: -33.113003
      objectReference: {fileID: 0}
    - target: {fileID: 7061601794105796961, guid: 180908ffa18a0914ab361ef6720ea8d5,
        type: 3}
      propertyPath: m_LocalScale.x
      value: 11.815764
      objectReference: {fileID: 0}
    - target: {fileID: 7061601794105796961, guid: 180908ffa18a0914ab361ef6720ea8d5,
        type: 3}
      propertyPath: m_LocalScale.y
      value: 8.828267
      objectReference: {fileID: 0}
    - target: {fileID: 7061601794105796961, guid: 180908ffa18a0914ab361ef6720ea8d5,
        type: 3}
      propertyPath: m_LocalScale.z
      value: 11.815764
      objectReference: {fileID: 0}
    m_RemovedComponents: []
  m_SourcePrefab: {fileID: 100100000, guid: 180908ffa18a0914ab361ef6720ea8d5, type: 3}
--- !u!4 &764298651 stripped
Transform:
  m_CorrespondingSourceObject: {fileID: 8939156190593886043, guid: dfe777651777152489c90635779a6945,
    type: 3}
  m_PrefabInstance: {fileID: 2157675412880403340}
  m_PrefabAsset: {fileID: 0}
--- !u!1001 &840115985
PrefabInstance:
  m_ObjectHideFlags: 0
  serializedVersion: 2
  m_Modification:
    m_TransformParent: {fileID: 0}
    m_Modifications:
    - target: {fileID: -6743751574634196925, guid: 180908ffa18a0914ab361ef6720ea8d5,
        type: 3}
      propertyPath: m_IsKinematic
      value: 1
      objectReference: {fileID: 0}
    - target: {fileID: 6315314079967288178, guid: 180908ffa18a0914ab361ef6720ea8d5,
        type: 3}
      propertyPath: m_Name
      value: skull happy (6)
      objectReference: {fileID: 0}
    - target: {fileID: 7061601794105796961, guid: 180908ffa18a0914ab361ef6720ea8d5,
        type: 3}
      propertyPath: m_LocalPosition.x
      value: 77.838165
      objectReference: {fileID: 0}
    - target: {fileID: 7061601794105796961, guid: 180908ffa18a0914ab361ef6720ea8d5,
        type: 3}
      propertyPath: m_LocalPosition.y
      value: 303.71
      objectReference: {fileID: 0}
    - target: {fileID: 7061601794105796961, guid: 180908ffa18a0914ab361ef6720ea8d5,
        type: 3}
      propertyPath: m_LocalPosition.z
      value: -387.48746
      objectReference: {fileID: 0}
    - target: {fileID: 7061601794105796961, guid: 180908ffa18a0914ab361ef6720ea8d5,
        type: 3}
      propertyPath: m_LocalRotation.x
      value: -0.7063894
      objectReference: {fileID: 0}
    - target: {fileID: 7061601794105796961, guid: 180908ffa18a0914ab361ef6720ea8d5,
        type: 3}
      propertyPath: m_LocalRotation.y
      value: 0.031842873
      objectReference: {fileID: 0}
    - target: {fileID: 7061601794105796961, guid: 180908ffa18a0914ab361ef6720ea8d5,
        type: 3}
      propertyPath: m_LocalRotation.z
      value: 0.031842873
      objectReference: {fileID: 0}
    - target: {fileID: 7061601794105796961, guid: 180908ffa18a0914ab361ef6720ea8d5,
        type: 3}
      propertyPath: m_LocalRotation.w
      value: 0.7063894
      objectReference: {fileID: 0}
    - target: {fileID: 7061601794105796961, guid: 180908ffa18a0914ab361ef6720ea8d5,
        type: 3}
      propertyPath: m_RootOrder
      value: 12
      objectReference: {fileID: 0}
    - target: {fileID: 7061601794105796961, guid: 180908ffa18a0914ab361ef6720ea8d5,
        type: 3}
      propertyPath: m_LocalEulerAnglesHint.x
      value: -90.00001
      objectReference: {fileID: 0}
    - target: {fileID: 7061601794105796961, guid: 180908ffa18a0914ab361ef6720ea8d5,
        type: 3}
      propertyPath: m_LocalEulerAnglesHint.y
      value: 0
      objectReference: {fileID: 0}
    - target: {fileID: 7061601794105796961, guid: 180908ffa18a0914ab361ef6720ea8d5,
        type: 3}
      propertyPath: m_LocalEulerAnglesHint.z
      value: 5.162
      objectReference: {fileID: 0}
    - target: {fileID: 7061601794105796961, guid: 180908ffa18a0914ab361ef6720ea8d5,
        type: 3}
      propertyPath: m_LocalScale.x
      value: 63.050278
      objectReference: {fileID: 0}
    - target: {fileID: 7061601794105796961, guid: 180908ffa18a0914ab361ef6720ea8d5,
        type: 3}
      propertyPath: m_LocalScale.y
      value: 47.108646
      objectReference: {fileID: 0}
    - target: {fileID: 7061601794105796961, guid: 180908ffa18a0914ab361ef6720ea8d5,
        type: 3}
      propertyPath: m_LocalScale.z
      value: 63.050278
      objectReference: {fileID: 0}
    m_RemovedComponents: []
  m_SourcePrefab: {fileID: 100100000, guid: 180908ffa18a0914ab361ef6720ea8d5, type: 3}
--- !u!4 &906202094 stripped
Transform:
  m_CorrespondingSourceObject: {fileID: 7061601794105796961, guid: 180908ffa18a0914ab361ef6720ea8d5,
    type: 3}
  m_PrefabInstance: {fileID: 654428939}
  m_PrefabAsset: {fileID: 0}
--- !u!4 &962526642 stripped
Transform:
  m_CorrespondingSourceObject: {fileID: 7061601794105796961, guid: 180908ffa18a0914ab361ef6720ea8d5,
    type: 3}
  m_PrefabInstance: {fileID: 1639008232}
  m_PrefabAsset: {fileID: 0}
--- !u!1 &996494764
GameObject:
  m_ObjectHideFlags: 0
  m_CorrespondingSourceObject: {fileID: 0}
  m_PrefabInstance: {fileID: 0}
  m_PrefabAsset: {fileID: 0}
  serializedVersion: 6
  m_Component:
  - component: {fileID: 996494768}
  - component: {fileID: 996494767}
  - component: {fileID: 996494766}
  - component: {fileID: 996494765}
  m_Layer: 0
  m_Name: Plane
  m_TagString: Untagged
  m_Icon: {fileID: 0}
  m_NavMeshLayer: 0
  m_StaticEditorFlags: 0
  m_IsActive: 1
--- !u!64 &996494765
MeshCollider:
  m_ObjectHideFlags: 0
  m_CorrespondingSourceObject: {fileID: 0}
  m_PrefabInstance: {fileID: 0}
  m_PrefabAsset: {fileID: 0}
  m_GameObject: {fileID: 996494764}
  m_Material: {fileID: 0}
  m_IsTrigger: 0
  m_Enabled: 1
  serializedVersion: 4
  m_Convex: 0
  m_CookingOptions: 30
  m_Mesh: {fileID: 10209, guid: 0000000000000000e000000000000000, type: 0}
--- !u!23 &996494766
MeshRenderer:
  m_ObjectHideFlags: 0
  m_CorrespondingSourceObject: {fileID: 0}
  m_PrefabInstance: {fileID: 0}
  m_PrefabAsset: {fileID: 0}
  m_GameObject: {fileID: 996494764}
  m_Enabled: 1
  m_CastShadows: 1
  m_ReceiveShadows: 1
  m_DynamicOccludee: 1
  m_MotionVectors: 1
  m_LightProbeUsage: 1
  m_ReflectionProbeUsage: 1
  m_RayTracingMode: 2
  m_RenderingLayerMask: 1
  m_RendererPriority: 0
  m_Materials:
  - {fileID: 10303, guid: 0000000000000000f000000000000000, type: 0}
  m_StaticBatchInfo:
    firstSubMesh: 0
    subMeshCount: 0
  m_StaticBatchRoot: {fileID: 0}
  m_ProbeAnchor: {fileID: 0}
  m_LightProbeVolumeOverride: {fileID: 0}
  m_ScaleInLightmap: 1
  m_ReceiveGI: 1
  m_PreserveUVs: 0
  m_IgnoreNormalsForChartDetection: 0
  m_ImportantGI: 0
  m_StitchLightmapSeams: 1
  m_SelectedEditorRenderState: 3
  m_MinimumChartSize: 4
  m_AutoUVMaxDistance: 0.5
  m_AutoUVMaxAngle: 89
  m_LightmapParameters: {fileID: 0}
  m_SortingLayerID: 0
  m_SortingLayer: 0
  m_SortingOrder: 0
--- !u!33 &996494767
MeshFilter:
  m_ObjectHideFlags: 0
  m_CorrespondingSourceObject: {fileID: 0}
  m_PrefabInstance: {fileID: 0}
  m_PrefabAsset: {fileID: 0}
  m_GameObject: {fileID: 996494764}
  m_Mesh: {fileID: 10209, guid: 0000000000000000e000000000000000, type: 0}
--- !u!4 &996494768
Transform:
  m_ObjectHideFlags: 0
  m_CorrespondingSourceObject: {fileID: 0}
  m_PrefabInstance: {fileID: 0}
  m_PrefabAsset: {fileID: 0}
  m_GameObject: {fileID: 996494764}
  m_LocalRotation: {x: -0, y: -0.7056279, z: -0, w: 0.70858264}
  m_LocalPosition: {x: -895.52344, y: 328.7475, z: -2537.8242}
  m_LocalScale: {x: 89.87872, y: 80.71731, z: 4.898463}
  m_Children: []
  m_Father: {fileID: 1487854927}
  m_RootOrder: 0
  m_LocalEulerAnglesHint: {x: 0, y: -89.761, z: 0}
--- !u!1 &1044172282
GameObject:
  m_ObjectHideFlags: 0
  m_CorrespondingSourceObject: {fileID: 0}
  m_PrefabInstance: {fileID: 0}
  m_PrefabAsset: {fileID: 0}
  serializedVersion: 6
  m_Component:
  - component: {fileID: 1044172285}
  - component: {fileID: 1044172284}
  - component: {fileID: 1044172283}
  m_Layer: 0
  m_Name: Main menu text
  m_TagString: Untagged
  m_Icon: {fileID: 0}
  m_NavMeshLayer: 0
  m_StaticEditorFlags: 0
  m_IsActive: 1
--- !u!102 &1044172283
TextMesh:
  serializedVersion: 3
  m_ObjectHideFlags: 0
  m_CorrespondingSourceObject: {fileID: 0}
  m_PrefabInstance: {fileID: 0}
  m_PrefabAsset: {fileID: 0}
  m_GameObject: {fileID: 1044172282}
  m_Text: Main menu
  m_OffsetZ: 0
  m_CharacterSize: 0.2
  m_LineSpacing: 1
  m_Anchor: 0
  m_Alignment: 0
  m_TabSize: 4
  m_FontSize: 0
  m_FontStyle: 0
  m_RichText: 1
  m_Font: {fileID: 12800000, guid: c9f6d0e7bc8541498c9a4799ba184ede, type: 3}
  m_Color:
    serializedVersion: 2
    rgba: 4294967295
--- !u!23 &1044172284
MeshRenderer:
  m_ObjectHideFlags: 0
  m_CorrespondingSourceObject: {fileID: 0}
  m_PrefabInstance: {fileID: 0}
  m_PrefabAsset: {fileID: 0}
  m_GameObject: {fileID: 1044172282}
  m_Enabled: 1
  m_CastShadows: 1
  m_ReceiveShadows: 1
  m_DynamicOccludee: 1
  m_MotionVectors: 1
  m_LightProbeUsage: 1
  m_ReflectionProbeUsage: 1
  m_RayTracingMode: 2
  m_RenderingLayerMask: 1
  m_RendererPriority: 0
  m_Materials:
  - {fileID: 2100000, guid: c9f6d0e7bc8541498c9a4799ba184ede, type: 3}
  m_StaticBatchInfo:
    firstSubMesh: 0
    subMeshCount: 0
  m_StaticBatchRoot: {fileID: 0}
  m_ProbeAnchor: {fileID: 0}
  m_LightProbeVolumeOverride: {fileID: 0}
  m_ScaleInLightmap: 1
  m_ReceiveGI: 1
  m_PreserveUVs: 0
  m_IgnoreNormalsForChartDetection: 0
  m_ImportantGI: 0
  m_StitchLightmapSeams: 1
  m_SelectedEditorRenderState: 3
  m_MinimumChartSize: 4
  m_AutoUVMaxDistance: 0.5
  m_AutoUVMaxAngle: 89
  m_LightmapParameters: {fileID: 0}
  m_SortingLayerID: 0
  m_SortingLayer: 0
  m_SortingOrder: 0
--- !u!4 &1044172285
Transform:
  m_ObjectHideFlags: 0
  m_CorrespondingSourceObject: {fileID: 0}
  m_PrefabInstance: {fileID: 0}
  m_PrefabAsset: {fileID: 0}
  m_GameObject: {fileID: 1044172282}
  m_LocalRotation: {x: -0, y: -0.7056279, z: -0, w: 0.70858264}
  m_LocalPosition: {x: 97.25125, y: 299.7475, z: -1791.037}
  m_LocalScale: {x: 48.4226, y: 48.4226, z: 48.4226}
  m_Children: []
  m_Father: {fileID: 1958155742}
  m_RootOrder: 8
  m_LocalEulerAnglesHint: {x: 0, y: -89.761, z: 0}
--- !u!1001 &1335918814
PrefabInstance:
  m_ObjectHideFlags: 0
  serializedVersion: 2
  m_Modification:
    m_TransformParent: {fileID: 0}
    m_Modifications:
    - target: {fileID: 100000, guid: f6e0a90aca7a3dc4a87d13fcc064bba5, type: 3}
      propertyPath: m_Name
      value: Headstone 3
      objectReference: {fileID: 0}
    - target: {fileID: 400000, guid: f6e0a90aca7a3dc4a87d13fcc064bba5, type: 3}
      propertyPath: m_LocalPosition.x
      value: 376.72842
      objectReference: {fileID: 0}
    - target: {fileID: 400000, guid: f6e0a90aca7a3dc4a87d13fcc064bba5, type: 3}
      propertyPath: m_LocalPosition.y
      value: 216.84
      objectReference: {fileID: 0}
    - target: {fileID: 400000, guid: f6e0a90aca7a3dc4a87d13fcc064bba5, type: 3}
      propertyPath: m_LocalPosition.z
      value: -169.86447
      objectReference: {fileID: 0}
    - target: {fileID: 400000, guid: f6e0a90aca7a3dc4a87d13fcc064bba5, type: 3}
      propertyPath: m_LocalRotation.x
      value: -0
      objectReference: {fileID: 0}
    - target: {fileID: 400000, guid: f6e0a90aca7a3dc4a87d13fcc064bba5, type: 3}
      propertyPath: m_LocalRotation.y
      value: -0.7056279
      objectReference: {fileID: 0}
    - target: {fileID: 400000, guid: f6e0a90aca7a3dc4a87d13fcc064bba5, type: 3}
      propertyPath: m_LocalRotation.z
      value: -0
      objectReference: {fileID: 0}
    - target: {fileID: 400000, guid: f6e0a90aca7a3dc4a87d13fcc064bba5, type: 3}
      propertyPath: m_LocalRotation.w
      value: 0.70858264
      objectReference: {fileID: 0}
    - target: {fileID: 400000, guid: f6e0a90aca7a3dc4a87d13fcc064bba5, type: 3}
      propertyPath: m_RootOrder
      value: 5
      objectReference: {fileID: 0}
    - target: {fileID: 400000, guid: f6e0a90aca7a3dc4a87d13fcc064bba5, type: 3}
      propertyPath: m_LocalEulerAnglesHint.x
      value: 0
      objectReference: {fileID: 0}
    - target: {fileID: 400000, guid: f6e0a90aca7a3dc4a87d13fcc064bba5, type: 3}
      propertyPath: m_LocalEulerAnglesHint.y
      value: -89.761
      objectReference: {fileID: 0}
    - target: {fileID: 400000, guid: f6e0a90aca7a3dc4a87d13fcc064bba5, type: 3}
      propertyPath: m_LocalEulerAnglesHint.z
      value: 0
      objectReference: {fileID: 0}
    - target: {fileID: 400000, guid: f6e0a90aca7a3dc4a87d13fcc064bba5, type: 3}
      propertyPath: m_LocalScale.x
      value: 73.01247
      objectReference: {fileID: 0}
    - target: {fileID: 400000, guid: f6e0a90aca7a3dc4a87d13fcc064bba5, type: 3}
      propertyPath: m_LocalScale.y
      value: 73.01247
      objectReference: {fileID: 0}
    - target: {fileID: 400000, guid: f6e0a90aca7a3dc4a87d13fcc064bba5, type: 3}
      propertyPath: m_LocalScale.z
      value: 73.01247
      objectReference: {fileID: 0}
    - target: {fileID: 2300000, guid: f6e0a90aca7a3dc4a87d13fcc064bba5, type: 3}
      propertyPath: m_Materials.Array.data[0]
      value: 
      objectReference: {fileID: 2100000, guid: e32a9bd585b2958439164d82b53c98f1, type: 2}
    m_RemovedComponents: []
  m_SourcePrefab: {fileID: 100100000, guid: f6e0a90aca7a3dc4a87d13fcc064bba5, type: 3}
--- !u!1 &1487854926
GameObject:
  m_ObjectHideFlags: 0
  m_CorrespondingSourceObject: {fileID: 0}
  m_PrefabInstance: {fileID: 0}
  m_PrefabAsset: {fileID: 0}
  serializedVersion: 6
  m_Component:
  - component: {fileID: 1487854927}
  m_Layer: 0
  m_Name: Temporary Title
  m_TagString: Untagged
  m_Icon: {fileID: 0}
  m_NavMeshLayer: 0
  m_StaticEditorFlags: 0
  m_IsActive: 1
--- !u!4 &1487854927
Transform:
  m_ObjectHideFlags: 0
  m_CorrespondingSourceObject: {fileID: 0}
  m_PrefabInstance: {fileID: 0}
  m_PrefabAsset: {fileID: 0}
  m_GameObject: {fileID: 1487854926}
  m_LocalRotation: {x: -0, y: -0, z: -0, w: 1}
  m_LocalPosition: {x: 473.09238, y: 65.2525, z: 2534}
  m_LocalScale: {x: 1, y: 1, z: 1}
  m_Children:
  - {fileID: 996494768}
  - {fileID: 725925755}
  - {fileID: 1962998001}
  m_Father: {fileID: 0}
  m_RootOrder: 10
  m_LocalEulerAnglesHint: {x: 0, y: 0, z: 0}
--- !u!4 &1593249056 stripped
Transform:
  m_CorrespondingSourceObject: {fileID: 7061601794105796961, guid: 180908ffa18a0914ab361ef6720ea8d5,
    type: 3}
  m_PrefabInstance: {fileID: 1936894277}
  m_PrefabAsset: {fileID: 0}
--- !u!1001 &1639008232
PrefabInstance:
  m_ObjectHideFlags: 0
  serializedVersion: 2
  m_Modification:
    m_TransformParent: {fileID: 1958155742}
    m_Modifications:
    - target: {fileID: -6743751574634196925, guid: 180908ffa18a0914ab361ef6720ea8d5,
        type: 3}
      propertyPath: m_IsKinematic
      value: 1
      objectReference: {fileID: 0}
    - target: {fileID: 5735429502334087086, guid: 180908ffa18a0914ab361ef6720ea8d5,
        type: 3}
      propertyPath: m_Materials.Array.data[0]
      value: 
      objectReference: {fileID: 2100000, guid: 49aa72ff564db134faa07a878e373a98, type: 2}
    - target: {fileID: 6315314079967288178, guid: 180908ffa18a0914ab361ef6720ea8d5,
        type: 3}
      propertyPath: m_Name
      value: skull happy (7)
      objectReference: {fileID: 0}
    - target: {fileID: 7061601794105796961, guid: 180908ffa18a0914ab361ef6720ea8d5,
        type: 3}
      propertyPath: m_LocalPosition.x
      value: 108.571686
      objectReference: {fileID: 0}
    - target: {fileID: 7061601794105796961, guid: 180908ffa18a0914ab361ef6720ea8d5,
        type: 3}
      propertyPath: m_LocalPosition.y
      value: 207.1
      objectReference: {fileID: 0}
    - target: {fileID: 7061601794105796961, guid: 180908ffa18a0914ab361ef6720ea8d5,
        type: 3}
      propertyPath: m_LocalPosition.z
      value: -1725.7784
      objectReference: {fileID: 0}
    - target: {fileID: 7061601794105796961, guid: 180908ffa18a0914ab361ef6720ea8d5,
        type: 3}
      propertyPath: m_LocalRotation.x
      value: -0.498954
      objectReference: {fileID: 0}
    - target: {fileID: 7061601794105796961, guid: 180908ffa18a0914ab361ef6720ea8d5,
        type: 3}
      propertyPath: m_LocalRotation.y
      value: 0.5010438
      objectReference: {fileID: 0}
    - target: {fileID: 7061601794105796961, guid: 180908ffa18a0914ab361ef6720ea8d5,
        type: 3}
      propertyPath: m_LocalRotation.z
      value: 0.5010438
      objectReference: {fileID: 0}
    - target: {fileID: 7061601794105796961, guid: 180908ffa18a0914ab361ef6720ea8d5,
        type: 3}
      propertyPath: m_LocalRotation.w
      value: 0.498954
      objectReference: {fileID: 0}
    - target: {fileID: 7061601794105796961, guid: 180908ffa18a0914ab361ef6720ea8d5,
        type: 3}
      propertyPath: m_RootOrder
      value: 6
      objectReference: {fileID: 0}
    - target: {fileID: 7061601794105796961, guid: 180908ffa18a0914ab361ef6720ea8d5,
        type: 3}
      propertyPath: m_LocalEulerAnglesHint.x
      value: -90.00001
      objectReference: {fileID: 0}
    - target: {fileID: 7061601794105796961, guid: 180908ffa18a0914ab361ef6720ea8d5,
        type: 3}
      propertyPath: m_LocalEulerAnglesHint.y
      value: 0
      objectReference: {fileID: 0}
    - target: {fileID: 7061601794105796961, guid: 180908ffa18a0914ab361ef6720ea8d5,
        type: 3}
      propertyPath: m_LocalEulerAnglesHint.z
      value: 90.239006
      objectReference: {fileID: 0}
    - target: {fileID: 7061601794105796961, guid: 180908ffa18a0914ab361ef6720ea8d5,
        type: 3}
      propertyPath: m_LocalScale.x
      value: 11.815762
      objectReference: {fileID: 0}
    - target: {fileID: 7061601794105796961, guid: 180908ffa18a0914ab361ef6720ea8d5,
        type: 3}
      propertyPath: m_LocalScale.y
      value: 8.828265
      objectReference: {fileID: 0}
    - target: {fileID: 7061601794105796961, guid: 180908ffa18a0914ab361ef6720ea8d5,
        type: 3}
      propertyPath: m_LocalScale.z
      value: 11.8157625
      objectReference: {fileID: 0}
    m_RemovedComponents: []
  m_SourcePrefab: {fileID: 100100000, guid: 180908ffa18a0914ab361ef6720ea8d5, type: 3}
--- !u!4 &1675837725 stripped
Transform:
  m_CorrespondingSourceObject: {fileID: 7061601794105796961, guid: 180908ffa18a0914ab361ef6720ea8d5,
    type: 3}
  m_PrefabInstance: {fileID: 754736681}
  m_PrefabAsset: {fileID: 0}
--- !u!1001 &1936894277
PrefabInstance:
  m_ObjectHideFlags: 0
  serializedVersion: 2
  m_Modification:
    m_TransformParent: {fileID: 1958155742}
    m_Modifications:
    - target: {fileID: -6743751574634196925, guid: 180908ffa18a0914ab361ef6720ea8d5,
        type: 3}
      propertyPath: m_IsKinematic
      value: 1
      objectReference: {fileID: 0}
    - target: {fileID: 5735429502334087086, guid: 180908ffa18a0914ab361ef6720ea8d5,
        type: 3}
      propertyPath: m_Materials.Array.data[0]
      value: 
      objectReference: {fileID: 2100000, guid: e8efd5816b6032448b7e2b70fdd0663a, type: 2}
    - target: {fileID: 6315314079967288178, guid: 180908ffa18a0914ab361ef6720ea8d5,
        type: 3}
      propertyPath: m_Name
      value: skull happy (9)
      objectReference: {fileID: 0}
    - target: {fileID: 7061601794105796961, guid: 180908ffa18a0914ab361ef6720ea8d5,
        type: 3}
      propertyPath: m_LocalPosition.x
      value: 108.438385
      objectReference: {fileID: 0}
    - target: {fileID: 7061601794105796961, guid: 180908ffa18a0914ab361ef6720ea8d5,
        type: 3}
      propertyPath: m_LocalPosition.y
      value: 231.1
      objectReference: {fileID: 0}
    - target: {fileID: 7061601794105796961, guid: 180908ffa18a0914ab361ef6720ea8d5,
        type: 3}
      propertyPath: m_LocalPosition.z
      value: -1757.7783
      objectReference: {fileID: 0}
    - target: {fileID: 7061601794105796961, guid: 180908ffa18a0914ab361ef6720ea8d5,
        type: 3}
      propertyPath: m_LocalRotation.x
      value: -0.498954
      objectReference: {fileID: 0}
    - target: {fileID: 7061601794105796961, guid: 180908ffa18a0914ab361ef6720ea8d5,
        type: 3}
      propertyPath: m_LocalRotation.y
      value: 0.5010438
      objectReference: {fileID: 0}
    - target: {fileID: 7061601794105796961, guid: 180908ffa18a0914ab361ef6720ea8d5,
        type: 3}
      propertyPath: m_LocalRotation.z
      value: 0.5010438
      objectReference: {fileID: 0}
    - target: {fileID: 7061601794105796961, guid: 180908ffa18a0914ab361ef6720ea8d5,
        type: 3}
      propertyPath: m_LocalRotation.w
      value: 0.498954
      objectReference: {fileID: 0}
    - target: {fileID: 7061601794105796961, guid: 180908ffa18a0914ab361ef6720ea8d5,
        type: 3}
      propertyPath: m_RootOrder
      value: 7
      objectReference: {fileID: 0}
    - target: {fileID: 7061601794105796961, guid: 180908ffa18a0914ab361ef6720ea8d5,
        type: 3}
      propertyPath: m_LocalEulerAnglesHint.x
      value: -90.00001
      objectReference: {fileID: 0}
    - target: {fileID: 7061601794105796961, guid: 180908ffa18a0914ab361ef6720ea8d5,
        type: 3}
      propertyPath: m_LocalEulerAnglesHint.y
      value: 0
      objectReference: {fileID: 0}
    - target: {fileID: 7061601794105796961, guid: 180908ffa18a0914ab361ef6720ea8d5,
        type: 3}
      propertyPath: m_LocalEulerAnglesHint.z
      value: 90.239006
      objectReference: {fileID: 0}
    - target: {fileID: 7061601794105796961, guid: 180908ffa18a0914ab361ef6720ea8d5,
        type: 3}
      propertyPath: m_LocalScale.x
      value: 11.815762
      objectReference: {fileID: 0}
    - target: {fileID: 7061601794105796961, guid: 180908ffa18a0914ab361ef6720ea8d5,
        type: 3}
      propertyPath: m_LocalScale.y
      value: 8.828265
      objectReference: {fileID: 0}
    - target: {fileID: 7061601794105796961, guid: 180908ffa18a0914ab361ef6720ea8d5,
        type: 3}
      propertyPath: m_LocalScale.z
      value: 11.8157625
      objectReference: {fileID: 0}
    m_RemovedComponents: []
  m_SourcePrefab: {fileID: 100100000, guid: 180908ffa18a0914ab361ef6720ea8d5, type: 3}
--- !u!1 &1958155741
GameObject:
  m_ObjectHideFlags: 0
  m_CorrespondingSourceObject: {fileID: 0}
  m_PrefabInstance: {fileID: 0}
  m_PrefabAsset: {fileID: 0}
  serializedVersion: 6
  m_Component:
  - component: {fileID: 1958155742}
  m_Layer: 0
  m_Name: Main Gravestone
  m_TagString: Untagged
  m_Icon: {fileID: 0}
  m_NavMeshLayer: 0
  m_StaticEditorFlags: 0
  m_IsActive: 1
--- !u!4 &1958155742
Transform:
  m_ObjectHideFlags: 0
  m_CorrespondingSourceObject: {fileID: 0}
  m_PrefabInstance: {fileID: 0}
  m_PrefabAsset: {fileID: 0}
  m_GameObject: {fileID: 1958155741}
  m_LocalRotation: {x: 0, y: 0, z: 0, w: 1}
  m_LocalPosition: {x: 473.09238, y: 65.2525, z: 1768.1525}
  m_LocalScale: {x: 1, y: 1, z: 1}
  m_Children:
  - {fileID: 331599416}
  - {fileID: 764298651}
  - {fileID: 906202094}
  - {fileID: 1675837725}
  - {fileID: 177038326}
  - {fileID: 646542446}
  - {fileID: 962526642}
  - {fileID: 1593249056}
  - {fileID: 1044172285}
  - {fileID: 559893992}
  m_Father: {fileID: 0}
  m_RootOrder: 8
  m_LocalEulerAnglesHint: {x: 0, y: 0, z: 0}
--- !u!1 &1962997998
GameObject:
  m_ObjectHideFlags: 0
  m_CorrespondingSourceObject: {fileID: 0}
  m_PrefabInstance: {fileID: 0}
  m_PrefabAsset: {fileID: 0}
  serializedVersion: 6
  m_Component:
  - component: {fileID: 1962998001}
  - component: {fileID: 1962998000}
  - component: {fileID: 1962997999}
  m_Layer: 0
  m_Name: Skeleton's night text
  m_TagString: Untagged
  m_Icon: {fileID: 0}
  m_NavMeshLayer: 0
  m_StaticEditorFlags: 0
  m_IsActive: 1
--- !u!102 &1962997999
TextMesh:
  serializedVersion: 3
  m_ObjectHideFlags: 0
  m_CorrespondingSourceObject: {fileID: 0}
  m_PrefabInstance: {fileID: 0}
  m_PrefabAsset: {fileID: 0}
  m_GameObject: {fileID: 1962997998}
  m_Text: Skeleton's Night
  m_OffsetZ: 0
  m_CharacterSize: 0.2
  m_LineSpacing: 1
  m_Anchor: 0
  m_Alignment: 0
  m_TabSize: 4
  m_FontSize: 0
  m_FontStyle: 0
  m_RichText: 1
  m_Font: {fileID: 12800000, guid: c9f6d0e7bc8541498c9a4799ba184ede, type: 3}
  m_Color:
    serializedVersion: 2
    rgba: 4294967295
--- !u!23 &1962998000
MeshRenderer:
  m_ObjectHideFlags: 0
  m_CorrespondingSourceObject: {fileID: 0}
  m_PrefabInstance: {fileID: 0}
  m_PrefabAsset: {fileID: 0}
  m_GameObject: {fileID: 1962997998}
  m_Enabled: 1
  m_CastShadows: 1
  m_ReceiveShadows: 1
  m_DynamicOccludee: 1
  m_MotionVectors: 1
  m_LightProbeUsage: 1
  m_ReflectionProbeUsage: 1
  m_RayTracingMode: 2
  m_RenderingLayerMask: 1
  m_RendererPriority: 0
  m_Materials:
  - {fileID: 2100000, guid: c9f6d0e7bc8541498c9a4799ba184ede, type: 3}
  m_StaticBatchInfo:
    firstSubMesh: 0
    subMeshCount: 0
  m_StaticBatchRoot: {fileID: 0}
  m_ProbeAnchor: {fileID: 0}
  m_LightProbeVolumeOverride: {fileID: 0}
  m_ScaleInLightmap: 1
  m_ReceiveGI: 1
  m_PreserveUVs: 0
  m_IgnoreNormalsForChartDetection: 0
  m_ImportantGI: 0
  m_StitchLightmapSeams: 1
  m_SelectedEditorRenderState: 3
  m_MinimumChartSize: 4
  m_AutoUVMaxDistance: 0.5
  m_AutoUVMaxAngle: 89
  m_LightmapParameters: {fileID: 0}
  m_SortingLayerID: 0
  m_SortingLayer: 0
  m_SortingOrder: 0
--- !u!4 &1962998001
Transform:
  m_ObjectHideFlags: 0
  m_CorrespondingSourceObject: {fileID: 0}
  m_PrefabInstance: {fileID: 0}
  m_PrefabAsset: {fileID: 0}
  m_GameObject: {fileID: 1962997998}
  m_LocalRotation: {x: -0, y: -0.7056279, z: -0, w: 0.70858264}
  m_LocalPosition: {x: -884.05457, y: 370.6775, z: -2665.1345}
  m_LocalScale: {x: 100.83523, y: 100.83523, z: 100.83523}
  m_Children: []
  m_Father: {fileID: 1487854927}
  m_RootOrder: 2
  m_LocalEulerAnglesHint: {x: 0, y: -89.761, z: 0}
--- !u!1 &2094546148
GameObject:
  m_ObjectHideFlags: 0
  m_CorrespondingSourceObject: {fileID: 0}
  m_PrefabInstance: {fileID: 0}
  m_PrefabAsset: {fileID: 0}
  serializedVersion: 6
  m_Component:
  - component: {fileID: 2094546152}
  - component: {fileID: 2094546151}
  - component: {fileID: 2094546150}
  - component: {fileID: 2094546149}
  - component: {fileID: 2094546153}
  m_Layer: 0
  m_Name: hill (sphere)
  m_TagString: Untagged
  m_Icon: {fileID: 0}
  m_NavMeshLayer: 0
  m_StaticEditorFlags: 0
  m_IsActive: 1
--- !u!64 &2094546149
MeshCollider:
  m_ObjectHideFlags: 0
  m_CorrespondingSourceObject: {fileID: 0}
  m_PrefabInstance: {fileID: 0}
  m_PrefabAsset: {fileID: 0}
  m_GameObject: {fileID: 2094546148}
  m_Material: {fileID: 0}
  m_IsTrigger: 0
  m_Enabled: 1
  serializedVersion: 4
  m_Convex: 1
  m_CookingOptions: 30
  m_Mesh: {fileID: 10207, guid: 0000000000000000e000000000000000, type: 0}
--- !u!23 &2094546150
MeshRenderer:
  m_ObjectHideFlags: 0
  m_CorrespondingSourceObject: {fileID: 0}
  m_PrefabInstance: {fileID: 0}
  m_PrefabAsset: {fileID: 0}
  m_GameObject: {fileID: 2094546148}
  m_Enabled: 1
  m_CastShadows: 1
  m_ReceiveShadows: 1
  m_DynamicOccludee: 1
  m_MotionVectors: 1
  m_LightProbeUsage: 1
  m_ReflectionProbeUsage: 1
  m_RayTracingMode: 2
  m_RenderingLayerMask: 1
  m_RendererPriority: 0
  m_Materials:
  - {fileID: 2100000, guid: 945bd124660382f499441aca3442ee8d, type: 2}
  m_StaticBatchInfo:
    firstSubMesh: 0
    subMeshCount: 0
  m_StaticBatchRoot: {fileID: 0}
  m_ProbeAnchor: {fileID: 0}
  m_LightProbeVolumeOverride: {fileID: 0}
  m_ScaleInLightmap: 1
  m_ReceiveGI: 1
  m_PreserveUVs: 0
  m_IgnoreNormalsForChartDetection: 0
  m_ImportantGI: 0
  m_StitchLightmapSeams: 1
  m_SelectedEditorRenderState: 3
  m_MinimumChartSize: 4
  m_AutoUVMaxDistance: 0.5
  m_AutoUVMaxAngle: 89
  m_LightmapParameters: {fileID: 0}
  m_SortingLayerID: 0
  m_SortingLayer: 0
  m_SortingOrder: 0
--- !u!33 &2094546151
MeshFilter:
  m_ObjectHideFlags: 0
  m_CorrespondingSourceObject: {fileID: 0}
  m_PrefabInstance: {fileID: 0}
  m_PrefabAsset: {fileID: 0}
  m_GameObject: {fileID: 2094546148}
  m_Mesh: {fileID: 10207, guid: 0000000000000000e000000000000000, type: 0}
--- !u!4 &2094546152
Transform:
  m_ObjectHideFlags: 0
  m_CorrespondingSourceObject: {fileID: 0}
  m_PrefabInstance: {fileID: 0}
  m_PrefabAsset: {fileID: 0}
  m_GameObject: {fileID: 2094546148}
  m_LocalRotation: {x: -0, y: 0.0020894138, z: -0, w: 0.99999785}
  m_LocalPosition: {x: 429.20938, y: -56.14801, z: -42.993454}
  m_LocalScale: {x: 979.4571, y: 556.8624, z: 1527.32}
  m_Children: []
  m_Father: {fileID: 0}
  m_RootOrder: 7
  m_LocalEulerAnglesHint: {x: 0, y: 0.23900001, z: 0}
--- !u!54 &2094546153
Rigidbody:
  m_ObjectHideFlags: 0
  m_CorrespondingSourceObject: {fileID: 0}
  m_PrefabInstance: {fileID: 0}
  m_PrefabAsset: {fileID: 0}
  m_GameObject: {fileID: 2094546148}
  serializedVersion: 2
  m_Mass: 1
  m_Drag: 0
  m_AngularDrag: 0.05
  m_UseGravity: 1
  m_IsKinematic: 1
  m_Interpolate: 0
  m_Constraints: 0
  m_CollisionDetection: 0
--- !u!1001 &2157675412880403340
PrefabInstance:
  m_ObjectHideFlags: 0
  serializedVersion: 2
  m_Modification:
    m_TransformParent: {fileID: 1958155742}
    m_Modifications:
    - target: {fileID: 5356216921929012552, guid: dfe777651777152489c90635779a6945,
        type: 3}
      propertyPath: m_Name
      value: Player skull happy (8)
      objectReference: {fileID: 0}
    - target: {fileID: 5938502871041565076, guid: dfe777651777152489c90635779a6945,
        type: 3}
      propertyPath: m_Materials.Array.data[0]
      value: 
      objectReference: {fileID: 2100000, guid: b613c8099d2041041af5ce3c6266de61, type: 2}
    - target: {fileID: 8939156190593886043, guid: dfe777651777152489c90635779a6945,
        type: 3}
      propertyPath: m_LocalPosition.x
      value: 108.304474
      objectReference: {fileID: 0}
    - target: {fileID: 8939156190593886043, guid: dfe777651777152489c90635779a6945,
        type: 3}
      propertyPath: m_LocalPosition.y
      value: 166
      objectReference: {fileID: 0}
    - target: {fileID: 8939156190593886043, guid: dfe777651777152489c90635779a6945,
        type: 3}
      propertyPath: m_LocalPosition.z
      value: -1789.7778
      objectReference: {fileID: 0}
    - target: {fileID: 8939156190593886043, guid: dfe777651777152489c90635779a6945,
        type: 3}
      propertyPath: m_LocalRotation.x
      value: -0.498954
      objectReference: {fileID: 0}
    - target: {fileID: 8939156190593886043, guid: dfe777651777152489c90635779a6945,
        type: 3}
      propertyPath: m_LocalRotation.y
      value: 0.5010438
      objectReference: {fileID: 0}
    - target: {fileID: 8939156190593886043, guid: dfe777651777152489c90635779a6945,
        type: 3}
      propertyPath: m_LocalRotation.z
      value: 0.5010438
      objectReference: {fileID: 0}
    - target: {fileID: 8939156190593886043, guid: dfe777651777152489c90635779a6945,
        type: 3}
      propertyPath: m_LocalRotation.w
      value: 0.498954
      objectReference: {fileID: 0}
    - target: {fileID: 8939156190593886043, guid: dfe777651777152489c90635779a6945,
        type: 3}
      propertyPath: m_RootOrder
      value: 1
      objectReference: {fileID: 0}
    - target: {fileID: 8939156190593886043, guid: dfe777651777152489c90635779a6945,
        type: 3}
      propertyPath: m_LocalEulerAnglesHint.x
      value: -90.00001
      objectReference: {fileID: 0}
    - target: {fileID: 8939156190593886043, guid: dfe777651777152489c90635779a6945,
        type: 3}
      propertyPath: m_LocalEulerAnglesHint.y
      value: 0
      objectReference: {fileID: 0}
    - target: {fileID: 8939156190593886043, guid: dfe777651777152489c90635779a6945,
        type: 3}
      propertyPath: m_LocalEulerAnglesHint.z
      value: 90.239006
      objectReference: {fileID: 0}
    - target: {fileID: 8939156190593886043, guid: dfe777651777152489c90635779a6945,
        type: 3}
      propertyPath: m_LocalScale.x
      value: 11.815763
      objectReference: {fileID: 0}
    - target: {fileID: 8939156190593886043, guid: dfe777651777152489c90635779a6945,
        type: 3}
      propertyPath: m_LocalScale.z
      value: 11.815762
      objectReference: {fileID: 0}
    m_RemovedComponents: []
  m_SourcePrefab: {fileID: 100100000, guid: dfe777651777152489c90635779a6945, type: 3}
--- !u!1001 &3496070739665609783
PrefabInstance:
  m_ObjectHideFlags: 0
  serializedVersion: 2
  m_Modification:
    m_TransformParent: {fileID: 1958155742}
    m_Modifications:
    - target: {fileID: 3496070741341461012, guid: ff644c8103e8f8143931caa154454ae5,
        type: 3}
      propertyPath: m_Name
      value: skull happy (4)
      objectReference: {fileID: 0}
    - target: {fileID: 3496070741341461036, guid: ff644c8103e8f8143931caa154454ae5,
        type: 3}
      propertyPath: m_LocalPosition.x
      value: 108.56296
      objectReference: {fileID: 0}
    - target: {fileID: 3496070741341461036, guid: ff644c8103e8f8143931caa154454ae5,
        type: 3}
      propertyPath: m_LocalPosition.y
      value: 166.1
      objectReference: {fileID: 0}
    - target: {fileID: 3496070741341461036, guid: ff644c8103e8f8143931caa154454ae5,
        type: 3}
      propertyPath: m_LocalPosition.z
      value: -1727.7783
      objectReference: {fileID: 0}
    - target: {fileID: 3496070741341461036, guid: ff644c8103e8f8143931caa154454ae5,
        type: 3}
      propertyPath: m_LocalRotation.x
      value: -0.498954
      objectReference: {fileID: 0}
    - target: {fileID: 3496070741341461036, guid: ff644c8103e8f8143931caa154454ae5,
        type: 3}
      propertyPath: m_LocalRotation.y
      value: 0.5010438
      objectReference: {fileID: 0}
    - target: {fileID: 3496070741341461036, guid: ff644c8103e8f8143931caa154454ae5,
        type: 3}
      propertyPath: m_LocalRotation.z
      value: 0.5010438
      objectReference: {fileID: 0}
    - target: {fileID: 3496070741341461036, guid: ff644c8103e8f8143931caa154454ae5,
        type: 3}
      propertyPath: m_LocalRotation.w
      value: 0.498954
      objectReference: {fileID: 0}
    - target: {fileID: 3496070741341461036, guid: ff644c8103e8f8143931caa154454ae5,
        type: 3}
      propertyPath: m_RootOrder
      value: 4
      objectReference: {fileID: 0}
    - target: {fileID: 3496070741341461036, guid: ff644c8103e8f8143931caa154454ae5,
        type: 3}
      propertyPath: m_LocalEulerAnglesHint.x
      value: -90.00001
      objectReference: {fileID: 0}
    - target: {fileID: 3496070741341461036, guid: ff644c8103e8f8143931caa154454ae5,
        type: 3}
      propertyPath: m_LocalEulerAnglesHint.y
      value: 0
      objectReference: {fileID: 0}
    - target: {fileID: 3496070741341461036, guid: ff644c8103e8f8143931caa154454ae5,
        type: 3}
      propertyPath: m_LocalEulerAnglesHint.z
      value: 90.239006
      objectReference: {fileID: 0}
    - target: {fileID: 3496070741341461036, guid: ff644c8103e8f8143931caa154454ae5,
        type: 3}
      propertyPath: m_LocalScale.x
      value: 11.815762
      objectReference: {fileID: 0}
    - target: {fileID: 3496070741341461036, guid: ff644c8103e8f8143931caa154454ae5,
        type: 3}
      propertyPath: m_LocalScale.y
      value: 8.828265
      objectReference: {fileID: 0}
    - target: {fileID: 3496070741341461036, guid: ff644c8103e8f8143931caa154454ae5,
        type: 3}
      propertyPath: m_LocalScale.z
      value: 11.8157625
      objectReference: {fileID: 0}
    - target: {fileID: 3496070741341461187, guid: ff644c8103e8f8143931caa154454ae5,
        type: 3}
      propertyPath: m_Materials.Array.data[0]
      value: 
      objectReference: {fileID: 2100000, guid: 815618a71298f23429961e65e1623b1d, type: 2}
    m_RemovedComponents: []
  m_SourcePrefab: {fileID: 100100000, guid: ff644c8103e8f8143931caa154454ae5, type: 3}
